{
"trades": [
{  "orderId": 3,  "type": "bid",  "orderType": "market",  "size": 614,  "price": 56000000,  "timestamp": 1725149122}
,{  "orderId": 4,  "type": "bid",  "orderType": "market",  "size": 1899,  "price": 56000000,  "timestamp": 1725149231}
,{  "orderId": 5,  "type": "ask",  "orderType": "market",  "size": 1927,  "price": 60000000,  "timestamp": 1725149331}
,{  "orderId": 6,  "type": "ask",  "orderType": "market",  "size": 1491,  "price": 60000000,  "timestamp": 1725149422}
,{  "orderId": 7,  "type": "bid",  "orderType": "market",  "size": 859,  "price": 56000000,  "timestamp": 1725149528}
,{  "orderId": 8,  "type": "bid",  "orderType": "market",  "size": 903,  "price": 56000000,  "timestamp": 1725149604}
,{  "orderId": 9,  "type": "bid",  "orderType": "market",  "size": 1060,  "price": 56000000,  "timestamp": 1725149637}
,{  "orderId": 10,  "type": "ask",  "orderType": "market",  "size": 1674,  "price": 60000000,  "timestamp": 1725149712}
,{  "orderId": 11,  "type": "ask",  "orderType": "stop",  "size": 1788,  "price": 60000000,  "timestamp": 1725149779}
,{  "orderId": 12,  "type": "ask",  "orderType": "stop",  "size": 59,  "price": 60000000,  "timestamp": 1725149840}
,{  "orderId": 13,  "type": "bid",  "orderType": "market",  "size": 640,  "price": 56000000,  "timestamp": 1725149877}
,{  "orderId": 65548,  "type": "bid",  "orderType": "market",  "size": 828,  "price": 1241589910,  "timestamp": 1729319550}
,{  "orderId": 15,  "type": "ask",  "orderType": "market",  "size": 882,  "price": 60000000,  "timestamp": 1725149948}
,{  "orderId": 16,  "type": "ask",  "orderType": "market",  "size": 1903,  "price": 60000000,  "timestamp": 1725150031}
,{  "orderId": 17,  "type": "bid",  "orderType": "market",  "size": 825,  "price": 58122478,  "timestamp": 1725150041}
,{  "orderId": 18,  "type": "bid",  "orderType": "market",  "size": 1162,  "price": 58122478,  "timestamp": 1725150124}
,{  "orderId": 65556,  "type": "bid",  "orderType": "market",  "size": 309,  "price": 1241689756,  "timestamp": 1729320319}
,{  "orderId": 21,  "type": "bid",  "orderType": "market",  "size": 1010,  "price": 58239174,  "timestamp": 1725150318}
,{  "orderId": 65559,  "type": "bid",  "orderType": "market",  "size": 136,  "price": 1241689756,  "timestamp": 1729320604}
,{  "orderId": 22,  "type": "ask",  "orderType": "market",  "size": 618,  "price": 60000000,  "timestamp": 1725150374}
,{  "orderId": 65558,  "type": "bid",  "orderType": "market",  "size": 1070,  "price": 1241689756,  "timestamp": 1729320509}
,{  "orderId": 23,  "type": "bid",  "orderType": "market",  "size": 760,  "price": 58239174,  "timestamp": 1725150444}
,{  "orderId": 24,  "type": "ask",  "orderType": "stop",  "size": 1335,  "price": 60000000,  "timestamp": 1725150479}
,{  "orderId": 25,  "type": "bid",  "orderType": "market",  "size": 107,  "price": 58194954,  "timestamp": 1725150492}
,{  "orderId": 26,  "type": "bid",  "orderType": "market",  "size": 1256,  "price": 56000000,  "timestamp": 1725150498}
,{  "orderId": 28,  "type": "ask",  "orderType": "market",  "size": 1837,  "price": 60000000,  "timestamp": 1725150517}
,{  "orderId": 65565,  "type": "ask",  "orderType": "limit",  "size": 729,  "price": 1241839609,  "timestamp": 1729320996}
,{  "orderId": 30,  "type": "ask",  "orderType": "market",  "size": 648,  "price": 60000000,  "timestamp": 1725150624}
,{  "orderId": 65567,  "type": "ask",  "orderType": "market",  "size": 237,  "price": 1241996674,  "timestamp": 1729321119}
,{  "orderId": 32,  "type": "ask",  "orderType": "market",  "size": 355,  "price": 60000000,  "timestamp": 1725150785}
,{  "orderId": 65569,  "type": "bid",  "orderType": "stop",  "size": 596,  "price": 1241970626,  "timestamp": 1729321185}
,{  "orderId": 33,  "type": "ask",  "orderType": "market",  "size": 1759,  "price": 60000000,  "timestamp": 1725150876}
,{  "orderId": 34,  "type": "bid",  "orderType": "market",  "size": 690,  "price": 58516177,  "timestamp": 1725150924}
,{  "orderId": 65570,  "type": "bid",  "orderType": "market",  "size": 603,  "price": 1241776074,  "timestamp": 1729321273}
,{  "orderId": 35,  "type": "ask",  "orderType": "stop",  "size": 33,  "price": 60000000,  "timestamp": 1725150939}
,{  "orderId": 65573,  "type": "bid",  "orderType": "market",  "size": 153,  "price": 1241776074,  "timestamp": 1729321365}
,{  "orderId": 37,  "type": "bid",  "orderType": "market",  "size": 331,  "price": 58673222,  "timestamp": 1725151068}
,{  "orderId": 65575,  "type": "bid",  "orderType": "stop",  "size": 255,  "price": 1241776074,  "timestamp": 1729321633}
,{  "orderId": 39,  "type": "bid",  "orderType": "market",  "size": 220,  "price": 58740634,  "timestamp": 1725151268}
,{  "orderId": 65577,  "type": "ask",  "orderType": "market",  "size": 451,  "price": 1242236552,  "timestamp": 1729321680}
,{  "orderId": 65576,  "type": "ask",  "orderType": "limit",  "size": 339,  "price": 1242236552,  "timestamp": 1729321666}
,{  "orderId": 41,  "type": "ask",  "orderType": "market",  "size": 343,  "price": 58804100,  "timestamp": 1725151441}
,{  "orderId": 65579,  "type": "ask",  "orderType": "market",  "size": 405,  "price": 1242236552,  "timestamp": 1729321737}
,{  "orderId": 42,  "type": "bid",  "orderType": "market",  "size": 931,  "price": 58673222,  "timestamp": 1725151517}
,{  "orderId": 43,  "type": "ask",  "orderType": "limit",  "size": 920,  "price": 58804100,  "timestamp": 1725151557}
,{  "orderId": 45,  "type": "ask",  "orderType": "limit",  "size": 530,  "price": 58936900,  "timestamp": 1725151746}
,{  "orderId": 46,  "type": "bid",  "orderType": "market",  "size": 259,  "price": 58840216,  "timestamp": 1725151770}
,{  "orderId": 47,  "type": "bid",  "orderType": "market",  "size": 145,  "price": 58840216,  "timestamp": 1725151849}
,{  "orderId": 48,  "type": "bid",  "orderType": "market",  "size": 529,  "price": 58840216,  "timestamp": 1725151892}
,{  "orderId": 65584,  "type": "ask",  "orderType": "limit",  "size": 38,  "price": 1242236552,  "timestamp": 1729322012}
,{  "orderId": 49,  "type": "bid",  "orderType": "market",  "size": 258,  "price": 58441632,  "timestamp": 1725151989}
,{  "orderId": 50,  "type": "ask",  "orderType": "limit",  "size": 1202,  "price": 58936900,  "timestamp": 1725152024}
,{  "orderId": 51,  "type": "bid",  "orderType": "market",  "size": 1898,  "price": 56000000,  "timestamp": 1725152070}
,{  "orderId": 52,  "type": "ask",  "orderType": "limit",  "size": 193,  "price": 58936900,  "timestamp": 1725152104}
,{  "orderId": 53,  "type": "bid",  "orderType": "market",  "size": 618,  "price": 59105258,  "timestamp": 1725152198}
,{  "orderId": 57,  "type": "ask",  "orderType": "market",  "size": 1021,  "price": 60000000,  "timestamp": 1725152472}
,{  "orderId": 65592,  "type": "ask",  "orderType": "stop",  "size": 64,  "price": 1242789982,  "timestamp": 1729322470}
,{  "orderId": 60,  "type": "ask",  "orderType": "stop",  "size": 1245,  "price": 60000000,  "timestamp": 1725152623}
,{  "orderId": 65599,  "type": "ask",  "orderType": "limit",  "size": 154,  "price": 1242789982,  "timestamp": 1729322910}
,{  "orderId": 62,  "type": "ask",  "orderType": "stop",  "size": 1912,  "price": 60000000,  "timestamp": 1725152730}
,{  "orderId": 65598,  "type": "bid",  "orderType": "market",  "size": 30,  "price": 1242596103,  "timestamp": 1729322908}
,{  "orderId": 63,  "type": "ask",  "orderType": "limit",  "size": 691,  "price": 59373980,  "timestamp": 1725152780}
,{  "orderId": 65601,  "type": "bid",  "orderType": "market",  "size": 641,  "price": 1242801607,  "timestamp": 1729323066}
,{  "orderId": 65,  "type": "bid",  "orderType": "market",  "size": 1226,  "price": 59261036,  "timestamp": 1725152877}
,{  "orderId": 66,  "type": "ask",  "orderType": "limit",  "size": 422,  "price": 59373980,  "timestamp": 1725152972}
,{  "orderId": 65603,  "type": "bid",  "orderType": "market",  "size": 1279,  "price": 1242400370,  "timestamp": 1729323230}
,{  "orderId": 65602,  "type": "bid",  "orderType": "market",  "size": 208,  "price": 1242801607,  "timestamp": 1729323179}
,{  "orderId": 67,  "type": "ask",  "orderType": "limit",  "size": 416,  "price": 59611284,  "timestamp": 1725153036}
,{  "orderId": 68,  "type": "ask",  "orderType": "market",  "size": 103,  "price": 60000000,  "timestamp": 1725153040}
,{  "orderId": 69,  "type": "bid",  "orderType": "market",  "size": 236,  "price": 59674184,  "timestamp": 1725153064}
,{  "orderId": 70,  "type": "bid",  "orderType": "market",  "size": 412,  "price": 59261036,  "timestamp": 1725153112}
,{  "orderId": 65606,  "type": "bid",  "orderType": "market",  "size": 126,  "price": 1242400370,  "timestamp": 1729323352}
,{  "orderId": 71,  "type": "bid",  "orderType": "market",  "size": 158,  "price": 59124979,  "timestamp": 1725153174}
,{  "orderId": 65608,  "type": "ask",  "orderType": "market",  "size": 195,  "price": 1242816224,  "timestamp": 1729323391}
,{  "orderId": 65611,  "type": "bid",  "orderType": "stop",  "size": 176,  "price": 1242400370,  "timestamp": 1729323609}
,{  "orderId": 75,  "type": "bid",  "orderType": "market",  "size": 1887,  "price": 59822301,  "timestamp": 1725153368}
,{  "orderId": 77,  "type": "ask",  "orderType": "market",  "size": 1779,  "price": 60000000,  "timestamp": 1725153462}
,{  "orderId": 78,  "type": "ask",  "orderType": "stop",  "size": 367,  "price": 60000000,  "timestamp": 1725153528}
,{  "orderId": 65615,  "type": "ask",  "orderType": "limit",  "size": 1003,  "price": 1242845242,  "timestamp": 1729323920}
,{  "orderId": 65614,  "type": "ask",  "orderType": "market",  "size": 68,  "price": 1242816224,  "timestamp": 1729323838}
,{  "orderId": 79,  "type": "bid",  "orderType": "market",  "size": 614,  "price": 59826880,  "timestamp": 1725153624}
,{  "orderId": 65617,  "type": "ask",  "orderType": "market",  "size": 258,  "price": 1242845242,  "timestamp": 1729324044}
,{  "orderId": 80,  "type": "bid",  "orderType": "market",  "size": 25,  "price": 59826880,  "timestamp": 1725153725}
,{  "orderId": 81,  "type": "bid",  "orderType": "market",  "size": 109,  "price": 59826880,  "timestamp": 1725153804}
,{  "orderId": 82,  "type": "bid",  "orderType": "market",  "size": 220,  "price": 59756292,  "timestamp": 1725153888}
,{  "orderId": 83,  "type": "ask",  "orderType": "market",  "size": 183,  "price": 60000000,  "timestamp": 1725153954}
,{  "orderId": 84,  "type": "ask",  "orderType": "market",  "size": 1463,  "price": 60000000,  "timestamp": 1725154035}
,{  "orderId": 85,  "type": "ask",  "orderType": "market",  "size": 882,  "price": 60000000,  "timestamp": 1725154060}
,{  "orderId": 65620,  "type": "ask",  "orderType": "limit",  "size": 660,  "price": 1242845242,  "timestamp": 1729324176}
,{  "orderId": 65623,  "type": "bid",  "orderType": "market",  "size": 308,  "price": 1243030717,  "timestamp": 1729324434}
,{  "orderId": 86,  "type": "bid",  "orderType": "market",  "size": 305,  "price": 56000000,  "timestamp": 1725154138}
,{  "orderId": 87,  "type": "bid",  "orderType": "market",  "size": 1860,  "price": 56000000,  "timestamp": 1725154173}
,{  "orderId": 88,  "type": "bid",  "orderType": "market",  "size": 1226,  "price": 56000000,  "timestamp": 1725154241}
,{  "orderId": 65625,  "type": "bid",  "orderType": "market",  "size": 522,  "price": 1243030717,  "timestamp": 1729324577}
,{  "orderId": 65624,  "type": "bid",  "orderType": "market",  "size": 99,  "price": 1243030717,  "timestamp": 1729324498}
,{  "orderId": 89,  "type": "ask",  "orderType": "market",  "size": 1546,  "price": 60000000,  "timestamp": 1725154258}
,{  "orderId": 90,  "type": "bid",  "orderType": "market",  "size": 132,  "price": 56000000,  "timestamp": 1725154285}
,{  "orderId": 91,  "type": "ask",  "orderType": "market",  "size": 434,  "price": 60000000,  "timestamp": 1725154360}
,{  "orderId": 65629,  "type": "bid",  "orderType": "market",  "size": 179,  "price": 1243109186,  "timestamp": 1729324805}
,{  "orderId": 65628,  "type": "bid",  "orderType": "market",  "size": 597,  "price": 1243175304,  "timestamp": 1729324716}
,{  "orderId": 93,  "type": "ask",  "orderType": "market",  "size": 963,  "price": 60000000,  "timestamp": 1725154446}
,{  "orderId": 65631,  "type": "bid",  "orderType": "market",  "size": 361,  "price": 1242978590,  "timestamp": 1729324878}
,{  "orderId": 94,  "type": "ask",  "orderType": "market",  "size": 636,  "price": 60000000,  "timestamp": 1725154507}
,{  "orderId": 95,  "type": "bid",  "orderType": "stop",  "size": 13,  "price": 59852846,  "timestamp": 1725154521}
,{  "orderId": 96,  "type": "ask",  "orderType": "market",  "size": 1689,  "price": 60000000,  "timestamp": 1725154528}
,{  "orderId": 65635,  "type": "ask",  "orderType": "market",  "size": 52,  "price": 1243250843,  "timestamp": 1729325024}
,{  "orderId": 98,  "type": "bid",  "orderType": "market",  "size": 97,  "price": 59918636,  "timestamp": 1725154622}
,{  "orderId": 99,  "type": "bid",  "orderType": "market",  "size": 905,  "price": 56000000,  "timestamp": 1725154693}
,{  "orderId": 100,  "type": "ask",  "orderType": "market",  "size": 699,  "price": 60000000,  "timestamp": 1725154759}
,{  "orderId": 102,  "type": "ask",  "orderType": "limit",  "size": 449,  "price": 59940701,  "timestamp": 1725154866}
,{  "orderId": 65638,  "type": "ask",  "orderType": "market",  "size": 916,  "price": 1243250843,  "timestamp": 1729325186}
,{  "orderId": 103,  "type": "bid",  "orderType": "market",  "size": 343,  "price": 59990105,  "timestamp": 1725154950}
,{  "orderId": 104,  "type": "ask",  "orderType": "market",  "size": 498,  "price": 60000000,  "timestamp": 1725154956}
,{  "orderId": 105,  "type": "bid",  "orderType": "market",  "size": 1650,  "price": 56000000,  "timestamp": 1725154979}
,{  "orderId": 106,  "type": "bid",  "orderType": "market",  "size": 638,  "price": 56000000,  "timestamp": 1725155060}
,{  "orderId": 107,  "type": "ask",  "orderType": "market",  "size": 1969,  "price": 60000000,  "timestamp": 1725155176}
,{  "orderId": 65645,  "type": "ask",  "orderType": "market",  "size": 33,  "price": 1243394075,  "timestamp": 1729325757}
,{  "orderId": 108,  "type": "ask",  "orderType": "limit",  "size": 1178,  "price": 60000000,  "timestamp": 1725155239}
,{  "orderId": 109,  "type": "ask",  "orderType": "market",  "size": 1598,  "price": 60000000,  "timestamp": 1725155313}
,{  "orderId": 65644,  "type": "ask",  "orderType": "limit",  "size": 505,  "price": 1243394075,  "timestamp": 1729325664}
,{  "orderId": 110,  "type": "ask",  "orderType": "stop",  "size": 186,  "price": 60237237,  "timestamp": 1725155364}
,{  "orderId": 65647,  "type": "ask",  "orderType": "market",  "size": 54,  "price": 1243469838,  "timestamp": 1729325848}
,{  "orderId": 111,  "type": "ask",  "orderType": "market",  "size": 646,  "price": 60000000,  "timestamp": 1725155378}
,{  "orderId": 112,  "type": "ask",  "orderType": "stop",  "size": 237,  "price": 60506772,  "timestamp": 1725155408}
,{  "orderId": 113,  "type": "ask",  "orderType": "limit",  "size": 1936,  "price": 60000000,  "timestamp": 1725155516}
,{  "orderId": 114,  "type": "bid",  "orderType": "market",  "size": 93,  "price": 56000000,  "timestamp": 1725155518}
,{  "orderId": 65650,  "type": "ask",  "orderType": "limit",  "size": 170,  "price": 1243469838,  "timestamp": 1729326414}
,{  "orderId": 115,  "type": "ask",  "orderType": "limit",  "size": 458,  "price": 60000000,  "timestamp": 1725155603}
,{  "orderId": 116,  "type": "bid",  "orderType": "market",  "size": 823,  "price": 56000000,  "timestamp": 1725155617}
,{  "orderId": 117,  "type": "bid",  "orderType": "market",  "size": 1926,  "price": 56000000,  "timestamp": 1725155690}
,{  "orderId": 65652,  "type": "bid",  "orderType": "stop",  "size": 1075,  "price": 1243608911,  "timestamp": 1729326522}
,{  "orderId": 65655,  "type": "ask",  "orderType": "market",  "size": 1261,  "price": 1243712485,  "timestamp": 1729326682}
,{  "orderId": 118,  "type": "ask",  "orderType": "market",  "size": 1114,  "price": 60000000,  "timestamp": 1725155785}
,{  "orderId": 120,  "type": "ask",  "orderType": "limit",  "size": 1541,  "price": 60000000,  "timestamp": 1725155897}
,{  "orderId": 121,  "type": "ask",  "orderType": "market",  "size": 378,  "price": 60000000,  "timestamp": 1725155949}
,{  "orderId": 122,  "type": "ask",  "orderType": "market",  "size": 77,  "price": 60000000,  "timestamp": 1725155985}
,{  "orderId": 123,  "type": "bid",  "orderType": "market",  "size": 266,  "price": 56000000,  "timestamp": 1725156049}
,{  "orderId": 124,  "type": "bid",  "orderType": "market",  "size": 633,  "price": 56000000,  "timestamp": 1725156082}
,{  "orderId": 65660,  "type": "ask",  "orderType": "stop",  "size": 846,  "price": 1244297412,  "timestamp": 1729326964}
,{  "orderId": 125,  "type": "ask",  "orderType": "limit",  "size": 1102,  "price": 60000000,  "timestamp": 1725156162}
,{  "orderId": 126,  "type": "ask",  "orderType": "limit",  "size": 1344,  "price": 60000000,  "timestamp": 1725156269}
,{  "orderId": 127,  "type": "bid",  "orderType": "market",  "size": 20,  "price": 56000000,  "timestamp": 1725156372}
,{  "orderId": 65665,  "type": "ask",  "orderType": "limit",  "size": 481,  "price": 1243805144,  "timestamp": 1729327334}
,{  "orderId": 128,  "type": "ask",  "orderType": "stop",  "size": 496,  "price": 60506772,  "timestamp": 1725156376}
,{  "orderId": 129,  "type": "ask",  "orderType": "market",  "size": 1159,  "price": 60000000,  "timestamp": 1725156387}
,{  "orderId": 130,  "type": "bid",  "orderType": "market",  "size": 1963,  "price": 56000000,  "timestamp": 1725156432}
,{  "orderId": 131,  "type": "bid",  "orderType": "stop",  "size": 1231,  "price": 56000000,  "timestamp": 1725156533}
,{  "orderId": 132,  "type": "bid",  "orderType": "market",  "size": 1536,  "price": 56000000,  "timestamp": 1725156555}
,{  "orderId": 133,  "type": "bid",  "orderType": "market",  "size": 205,  "price": 56000000,  "timestamp": 1725156628}
,{  "orderId": 134,  "type": "bid",  "orderType": "market",  "size": 638,  "price": 56000000,  "timestamp": 1725156705}
,{  "orderId": 136,  "type": "ask",  "orderType": "market",  "size": 1938,  "price": 60000000,  "timestamp": 1725156883}
,{  "orderId": 137,  "type": "ask",  "orderType": "market",  "size": 444,  "price": 60000000,  "timestamp": 1725156994}
,{  "orderId": 65672,  "type": "ask",  "orderType": "market",  "size": 30,  "price": 1243805144,  "timestamp": 1729327747}
,{  "orderId": 138,  "type": "ask",  "orderType": "stop",  "size": 1041,  "price": 60574092,  "timestamp": 1725157058}
,{  "orderId": 140,  "type": "bid",  "orderType": "market",  "size": 1945,  "price": 56000000,  "timestamp": 1725157153}
,{  "orderId": 141,  "type": "bid",  "orderType": "market",  "size": 87,  "price": 56000000,  "timestamp": 1725157178}
,{  "orderId": 142,  "type": "ask",  "orderType": "market",  "size": 388,  "price": 60000000,  "timestamp": 1725157196}
,{  "orderId": 143,  "type": "bid",  "orderType": "market",  "size": 1988,  "price": 56000000,  "timestamp": 1725157248}
,{  "orderId": 65681,  "type": "ask",  "orderType": "limit",  "size": 263,  "price": 1243805144,  "timestamp": 1729328305}
,{  "orderId": 144,  "type": "ask",  "orderType": "limit",  "size": 1748,  "price": 60000000,  "timestamp": 1725157291}
,{  "orderId": 145,  "type": "bid",  "orderType": "stop",  "size": 1664,  "price": 56000000,  "timestamp": 1725157305}
,{  "orderId": 146,  "type": "bid",  "orderType": "market",  "size": 861,  "price": 56000000,  "timestamp": 1725157322}
,{  "orderId": 147,  "type": "ask",  "orderType": "market",  "size": 928,  "price": 60000000,  "timestamp": 1725157368}
,{  "orderId": 65682,  "type": "ask",  "orderType": "stop",  "size": 482,  "price": 1244297412,  "timestamp": 1729328332}
,{  "orderId": 65685,  "type": "bid",  "orderType": "market",  "size": 739,  "price": 1244021868,  "timestamp": 1729328492}
,{  "orderId": 148,  "type": "ask",  "orderType": "market",  "size": 1307,  "price": 60000000,  "timestamp": 1725157438}
,{  "orderId": 150,  "type": "bid",  "orderType": "market",  "size": 438,  "price": 56000000,  "timestamp": 1725157596}
,{  "orderId": 152,  "type": "ask",  "orderType": "limit",  "size": 787,  "price": 60000000,  "timestamp": 1725157709}
,{  "orderId": 153,  "type": "ask",  "orderType": "limit",  "size": 837,  "price": 60000000,  "timestamp": 1725157720}
,{  "orderId": 154,  "type": "ask",  "orderType": "limit",  "size": 628,  "price": 60000000,  "timestamp": 1725157993}
,{  "orderId": 155,  "type": "bid",  "orderType": "market",  "size": 1347,  "price": 56000000,  "timestamp": 1725157999}
,{  "orderId": 65690,  "type": "bid",  "orderType": "market",  "size": 21,  "price": 1244153777,  "timestamp": 1729328813}
,{  "orderId": 156,  "type": "bid",  "orderType": "market",  "size": 189,  "price": 56000000,  "timestamp": 1725158078}
,{  "orderId": 157,  "type": "ask",  "orderType": "market",  "size": 90,  "price": 60000000,  "timestamp": 1725158138}
,{  "orderId": 158,  "type": "ask",  "orderType": "stop",  "size": 307,  "price": 61055708,  "timestamp": 1725158154}
,{  "orderId": 65695,  "type": "bid",  "orderType": "market",  "size": 564,  "price": 1244229613,  "timestamp": 1729329216}
,{  "orderId": 159,  "type": "bid",  "orderType": "market",  "size": 1739,  "price": 56000000,  "timestamp": 1725158234}
,{  "orderId": 65697,  "type": "bid",  "orderType": "market",  "size": 1165,  "price": 1244229613,  "timestamp": 1729329315}
,{  "orderId": 160,  "type": "bid",  "orderType": "market",  "size": 654,  "price": 56000000,  "timestamp": 1725158238}
,{  "orderId": 161,  "type": "ask",  "orderType": "market",  "size": 1190,  "price": 60000000,  "timestamp": 1725158283}
,{  "orderId": 65699,  "type": "bid",  "orderType": "market",  "size": 264,  "price": 1244214172,  "timestamp": 1729329388}
,{  "orderId": 162,  "type": "ask",  "orderType": "market",  "size": 723,  "price": 60000000,  "timestamp": 1725158286}
,{  "orderId": 165,  "type": "ask",  "orderType": "limit",  "size": 1680,  "price": 60000000,  "timestamp": 1725158445}
,{  "orderId": 166,  "type": "ask",  "orderType": "market",  "size": 608,  "price": 60000000,  "timestamp": 1725158540}
,{  "orderId": 65702,  "type": "ask",  "orderType": "limit",  "size": 246,  "price": 1244297412,  "timestamp": 1729329533}
,{  "orderId": 167,  "type": "ask",  "orderType": "market",  "size": 998,  "price": 60000000,  "timestamp": 1725158572}
,{  "orderId": 168,  "type": "bid",  "orderType": "market",  "size": 376,  "price": 56000000,  "timestamp": 1725158616}
,{  "orderId": 169,  "type": "bid",  "orderType": "stop",  "size": 1955,  "price": 56000000,  "timestamp": 1725158725}
,{  "orderId": 170,  "type": "ask",  "orderType": "market",  "size": 404,  "price": 60000000,  "timestamp": 1725158737}
,{  "orderId": 172,  "type": "ask",  "orderType": "stop",  "size": 1076,  "price": 61809966,  "timestamp": 1725158852}
,{  "orderId": 173,  "type": "ask",  "orderType": "stop",  "size": 588,  "price": 61809966,  "timestamp": 1725158858}
,{  "orderId": 174,  "type": "ask",  "orderType": "limit",  "size": 1079,  "price": 60000000,  "timestamp": 1725158935}
,{  "orderId": 65710,  "type": "bid",  "orderType": "market",  "size": 284,  "price": 1244537557,  "timestamp": 1729330212}
,{  "orderId": 175,  "type": "ask",  "orderType": "market",  "size": 1237,  "price": 60000000,  "timestamp": 1725159046}
,{  "orderId": 176,  "type": "bid",  "orderType": "market",  "size": 835,  "price": 56000000,  "timestamp": 1725159080}
,{  "orderId": 178,  "type": "bid",  "orderType": "market",  "size": 436,  "price": 56000000,  "timestamp": 1725159189}
,{  "orderId": 179,  "type": "ask",  "orderType": "market",  "size": 1506,  "price": 60000000,  "timestamp": 1725159191}
,{  "orderId": 65714,  "type": "bid",  "orderType": "market",  "size": 48,  "price": 1244447203,  "timestamp": 1729330446}
,{  "orderId": 180,  "type": "ask",  "orderType": "limit",  "size": 1271,  "price": 60000000,  "timestamp": 1725159223}
,{  "orderId": 181,  "type": "ask",  "orderType": "stop",  "size": 1705,  "price": 62161430,  "timestamp": 1725159251}
,{  "orderId": 65716,  "type": "ask",  "orderType": "stop",  "size": 1309,  "price": 1244891910,  "timestamp": 1729330495}
,{  "orderId": 182,  "type": "ask",  "orderType": "stop",  "size": 618,  "price": 62161430,  "timestamp": 1725159303}
,{  "orderId": 183,  "type": "ask",  "orderType": "market",  "size": 1932,  "price": 60000000,  "timestamp": 1725159341}
,{  "orderId": 184,  "type": "bid",  "orderType": "market",  "size": 1378,  "price": 56000000,  "timestamp": 1725159376}
,{  "orderId": 65720,  "type": "bid",  "orderType": "market",  "size": 434,  "price": 1244447203,  "timestamp": 1729330664}
,{  "orderId": 185,  "type": "bid",  "orderType": "market",  "size": 1721,  "price": 56000000,  "timestamp": 1725159380}
,{  "orderId": 188,  "type": "ask",  "orderType": "market",  "size": 677,  "price": 60000000,  "timestamp": 1725159475}
,{  "orderId": 189,  "type": "bid",  "orderType": "market",  "size": 342,  "price": 56000000,  "timestamp": 1725159524}
,{  "orderId": 190,  "type": "bid",  "orderType": "market",  "size": 1943,  "price": 56000000,  "timestamp": 1725159601}
,{  "orderId": 191,  "type": "ask",  "orderType": "market",  "size": 1167,  "price": 60000000,  "timestamp": 1725159684}
,{  "orderId": 192,  "type": "bid",  "orderType": "market",  "size": 1514,  "price": 56000000,  "timestamp": 1725159725}
,{  "orderId": 193,  "type": "bid",  "orderType": "market",  "size": 1552,  "price": 56000000,  "timestamp": 1725159794}
,{  "orderId": 194,  "type": "ask",  "orderType": "market",  "size": 444,  "price": 60000000,  "timestamp": 1725159861}
,{  "orderId": 195,  "type": "ask",  "orderType": "limit",  "size": 1486,  "price": 60000000,  "timestamp": 1725159870}
,{  "orderId": 196,  "type": "bid",  "orderType": "market",  "size": 1447,  "price": 56000000,  "timestamp": 1725159947}
,{  "orderId": 197,  "type": "ask",  "orderType": "market",  "size": 1991,  "price": 60000000,  "timestamp": 1725159955}
,{  "orderId": 198,  "type": "ask",  "orderType": "market",  "size": 994,  "price": 60000000,  "timestamp": 1725160075}
,{  "orderId": 65735,  "type": "bid",  "orderType": "market",  "size": 120,  "price": 1244864274,  "timestamp": 1729331722}
,{  "orderId": 199,  "type": "ask",  "orderType": "market",  "size": 1556,  "price": 60000000,  "timestamp": 1725160172}
,{  "orderId": 200,  "type": "ask",  "orderType": "market",  "size": 748,  "price": 60000000,  "timestamp": 1725160247}
,{  "orderId": 65737,  "type": "bid",  "orderType": "market",  "size": 519,  "price": 1244819994,  "timestamp": 1729331794}
,{  "orderId": 201,  "type": "ask",  "orderType": "limit",  "size": 945,  "price": 60000000,  "timestamp": 1725160336}
,{  "orderId": 202,  "type": "bid",  "orderType": "market",  "size": 1853,  "price": 56000000,  "timestamp": 1725160379}
,{  "orderId": 203,  "type": "ask",  "orderType": "market",  "size": 389,  "price": 60000000,  "timestamp": 1725160447}
,{  "orderId": 204,  "type": "ask",  "orderType": "market",  "size": 1862,  "price": 60000000,  "timestamp": 1725160500}
,{  "orderId": 205,  "type": "bid",  "orderType": "market",  "size": 1963,  "price": 56000000,  "timestamp": 1725160577}
,{  "orderId": 65740,  "type": "ask",  "orderType": "limit",  "size": 144,  "price": 1244891910,  "timestamp": 1729332062}
,{  "orderId": 206,  "type": "ask",  "orderType": "market",  "size": 1352,  "price": 60000000,  "timestamp": 1725160602}
,{  "orderId": 207,  "type": "bid",  "orderType": "market",  "size": 1444,  "price": 56000000,  "timestamp": 1725160698}
,{  "orderId": 65742,  "type": "ask",  "orderType": "market",  "size": 204,  "price": 1244891910,  "timestamp": 1729332214}
,{  "orderId": 208,  "type": "ask",  "orderType": "market",  "size": 143,  "price": 60000000,  "timestamp": 1725160737}
,{  "orderId": 209,  "type": "ask",  "orderType": "market",  "size": 1830,  "price": 60000000,  "timestamp": 1725160760}
,{  "orderId": 65744,  "type": "bid",  "orderType": "stop",  "size": 117,  "price": 1244753147,  "timestamp": 1729332318}
,{  "orderId": 210,  "type": "ask",  "orderType": "market",  "size": 652,  "price": 60000000,  "timestamp": 1725160791}
,{  "orderId": 211,  "type": "ask",  "orderType": "market",  "size": 152,  "price": 60000000,  "timestamp": 1725160824}
,{  "orderId": 212,  "type": "bid",  "orderType": "market",  "size": 503,  "price": 56000000,  "timestamp": 1725160941}
,{  "orderId": 213,  "type": "ask",  "orderType": "market",  "size": 26,  "price": 60000000,  "timestamp": 1725160994}
,{  "orderId": 214,  "type": "ask",  "orderType": "limit",  "size": 788,  "price": 60000000,  "timestamp": 1725161049}
,{  "orderId": 215,  "type": "ask",  "orderType": "market",  "size": 1788,  "price": 60000000,  "timestamp": 1725161076}
,{  "orderId": 65753,  "type": "ask",  "orderType": "market",  "size": 73,  "price": 1244891910,  "timestamp": 1729332910}
,{  "orderId": 216,  "type": "bid",  "orderType": "market",  "size": 905,  "price": 56000000,  "timestamp": 1725161084}
,{  "orderId": 65752,  "type": "bid",  "orderType": "market",  "size": 126,  "price": 1244679938,  "timestamp": 1729332820}
,{  "orderId": 217,  "type": "ask",  "orderType": "market",  "size": 229,  "price": 60000000,  "timestamp": 1725161126}
,{  "orderId": 65755,  "type": "ask",  "orderType": "limit",  "size": 638,  "price": 1245101215,  "timestamp": 1729333038}
,{  "orderId": 218,  "type": "bid",  "orderType": "market",  "size": 1486,  "price": 56000000,  "timestamp": 1725161138}
,{  "orderId": 65754,  "type": "bid",  "orderType": "market",  "size": 20,  "price": 1244679938,  "timestamp": 1729332969}
,{  "orderId": 219,  "type": "bid",  "orderType": "market",  "size": 327,  "price": 56000000,  "timestamp": 1725161187}
,{  "orderId": 220,  "type": "bid",  "orderType": "stop",  "size": 1021,  "price": 56000000,  "timestamp": 1725161269}
,{  "orderId": 221,  "type": "ask",  "orderType": "market",  "size": 1558,  "price": 60000000,  "timestamp": 1725161296}
,{  "orderId": 65756,  "type": "ask",  "orderType": "market",  "size": 491,  "price": 1245101215,  "timestamp": 1729333119}
,{  "orderId": 65759,  "type": "ask",  "orderType": "limit",  "size": 37,  "price": 1245101215,  "timestamp": 1729333226}
,{  "orderId": 224,  "type": "bid",  "orderType": "market",  "size": 1358,  "price": 56000000,  "timestamp": 1725161473}
,{  "orderId": 65761,  "type": "bid",  "orderType": "market",  "size": 749,  "price": 1245189706,  "timestamp": 1729333295}
,{  "orderId": 225,  "type": "bid",  "orderType": "market",  "size": 1173,  "price": 56000000,  "timestamp": 1725161521}
,{  "orderId": 226,  "type": "bid",  "orderType": "market",  "size": 1069,  "price": 56000000,  "timestamp": 1725161569}
,{  "orderId": 227,  "type": "ask",  "orderType": "market",  "size": 520,  "price": 60000000,  "timestamp": 1725161653}
,{  "orderId": 228,  "type": "ask",  "orderType": "limit",  "size": 43,  "price": 60000000,  "timestamp": 1725161707}
,{  "orderId": 229,  "type": "ask",  "orderType": "stop",  "size": 306,  "price": 62486894,  "timestamp": 1725161784}
,{  "orderId": 230,  "type": "ask",  "orderType": "market",  "size": 163,  "price": 60000000,  "timestamp": 1725161844}
,{  "orderId": 231,  "type": "ask",  "orderType": "limit",  "size": 270,  "price": 60000000,  "timestamp": 1725161939}
,{  "orderId": 232,  "type": "ask",  "orderType": "limit",  "size": 730,  "price": 60000000,  "timestamp": 1725161988}
,{  "orderId": 233,  "type": "ask",  "orderType": "market",  "size": 198,  "price": 60000000,  "timestamp": 1725162008}
,{  "orderId": 234,  "type": "ask",  "orderType": "market",  "size": 1719,  "price": 60000000,  "timestamp": 1725162075}
,{  "orderId": 65773,  "type": "bid",  "orderType": "market",  "size": 31,  "price": 1245328706,  "timestamp": 1729334230}
,{  "orderId": 236,  "type": "ask",  "orderType": "stop",  "size": 173,  "price": 62734051,  "timestamp": 1725162116}
,{  "orderId": 237,  "type": "bid",  "orderType": "market",  "size": 94,  "price": 56000000,  "timestamp": 1725162184}
,{  "orderId": 238,  "type": "bid",  "orderType": "market",  "size": 1014,  "price": 56000000,  "timestamp": 1725162215}
,{  "orderId": 65775,  "type": "ask",  "orderType": "market",  "size": 1530,  "price": 1245357810,  "timestamp": 1729334275}
,{  "orderId": 239,  "type": "bid",  "orderType": "market",  "size": 492,  "price": 56000000,  "timestamp": 1725162288}
,{  "orderId": 240,  "type": "ask",  "orderType": "limit",  "size": 47,  "price": 60000000,  "timestamp": 1725162399}
,{  "orderId": 65776,  "type": "bid",  "orderType": "market",  "size": 433,  "price": 1245328706,  "timestamp": 1729334393}
,{  "orderId": 241,  "type": "ask",  "orderType": "market",  "size": 486,  "price": 60000000,  "timestamp": 1725162421}
,{  "orderId": 242,  "type": "ask",  "orderType": "stop",  "size": 234,  "price": 62880986,  "timestamp": 1725162470}
,{  "orderId": 243,  "type": "ask",  "orderType": "stop",  "size": 1002,  "price": 62880986,  "timestamp": 1725162515}
,{  "orderId": 244,  "type": "bid",  "orderType": "stop",  "size": 151,  "price": 56000000,  "timestamp": 1725162615}
,{  "orderId": 245,  "type": "ask",  "orderType": "market",  "size": 534,  "price": 60000000,  "timestamp": 1725162654}
,{  "orderId": 246,  "type": "ask",  "orderType": "market",  "size": 1099,  "price": 60000000,  "timestamp": 1725162750}
,{  "orderId": 247,  "type": "ask",  "orderType": "market",  "size": 650,  "price": 60000000,  "timestamp": 1725162849}
,{  "orderId": 249,  "type": "ask",  "orderType": "market",  "size": 38,  "price": 60000000,  "timestamp": 1725162982}
,{  "orderId": 250,  "type": "bid",  "orderType": "market",  "size": 685,  "price": 56000000,  "timestamp": 1725162993}
,{  "orderId": 251,  "type": "bid",  "orderType": "market",  "size": 1009,  "price": 56000000,  "timestamp": 1725163091}
,{  "orderId": 65786,  "type": "ask",  "orderType": "market",  "size": 116,  "price": 1245357810,  "timestamp": 1729335182}
,{  "orderId": 252,  "type": "bid",  "orderType": "market",  "size": 294,  "price": 56000000,  "timestamp": 1725163148}
,{  "orderId": 253,  "type": "bid",  "orderType": "market",  "size": 1330,  "price": 56000000,  "timestamp": 1725163193}
,{  "orderId": 254,  "type": "bid",  "orderType": "market",  "size": 580,  "price": 56000000,  "timestamp": 1725163281}
,{  "orderId": 255,  "type": "ask",  "orderType": "stop",  "size": 251,  "price": 63216852,  "timestamp": 1725163540}
,{  "orderId": 65790,  "type": "bid",  "orderType": "market",  "size": 200,  "price": 1245328706,  "timestamp": 1729335477}
,{  "orderId": 256,  "type": "bid",  "orderType": "market",  "size": 578,  "price": 56000000,  "timestamp": 1725163574}
,{  "orderId": 65793,  "type": "ask",  "orderType": "limit",  "size": 6,  "price": 1245357810,  "timestamp": 1729335648}
,{  "orderId": 257,  "type": "ask",  "orderType": "market",  "size": 1899,  "price": 60000000,  "timestamp": 1725163596}
,{  "orderId": 258,  "type": "bid",  "orderType": "market",  "size": 318,  "price": 56000000,  "timestamp": 1725163700}
,{  "orderId": 65797,  "type": "bid",  "orderType": "market",  "size": 1353,  "price": 1245505049,  "timestamp": 1729335935}
,{  "orderId": 260,  "type": "bid",  "orderType": "market",  "size": 1287,  "price": 56000000,  "timestamp": 1725163785}
,{  "orderId": 261,  "type": "ask",  "orderType": "limit",  "size": 136,  "price": 60000000,  "timestamp": 1725163800}
,{  "orderId": 263,  "type": "bid",  "orderType": "market",  "size": 1176,  "price": 56000000,  "timestamp": 1725163885}
,{  "orderId": 266,  "type": "bid",  "orderType": "market",  "size": 885,  "price": 56000000,  "timestamp": 1725164165}
,{  "orderId": 267,  "type": "bid",  "orderType": "market",  "size": 397,  "price": 56000000,  "timestamp": 1725164244}
,{  "orderId": 268,  "type": "ask",  "orderType": "limit",  "size": 385,  "price": 60000000,  "timestamp": 1725164299}
,{  "orderId": 65805,  "type": "ask",  "orderType": "limit",  "size": 75,  "price": 1245789008,  "timestamp": 1729336537}
,{  "orderId": 269,  "type": "ask",  "orderType": "market",  "size": 609,  "price": 60000000,  "timestamp": 1725164334}
,{  "orderId": 65807,  "type": "bid",  "orderType": "market",  "size": 82,  "price": 1245505049,  "timestamp": 1729336740}
,{  "orderId": 270,  "type": "ask",  "orderType": "market",  "size": 841,  "price": 60000000,  "timestamp": 1725164399}
,{  "orderId": 271,  "type": "ask",  "orderType": "market",  "size": 42,  "price": 60000000,  "timestamp": 1725164514}
,{  "orderId": 272,  "type": "ask",  "orderType": "market",  "size": 862,  "price": 60000000,  "timestamp": 1725164586}
,{  "orderId": 65808,  "type": "bid",  "orderType": "market",  "size": 81,  "price": 1245505049,  "timestamp": 1729336806}
,{  "orderId": 273,  "type": "ask",  "orderType": "limit",  "size": 713,  "price": 60786881,  "timestamp": 1725164692}
,{  "orderId": 274,  "type": "bid",  "orderType": "market",  "size": 1953,  "price": 56000000,  "timestamp": 1725164806}
,{  "orderId": 65810,  "type": "ask",  "orderType": "limit",  "size": 183,  "price": 1245789008,  "timestamp": 1729336814}
,{  "orderId": 276,  "type": "ask",  "orderType": "limit",  "size": 715,  "price": 60868352,  "timestamp": 1725164955}
,{  "orderId": 65813,  "type": "bid",  "orderType": "market",  "size": 655,  "price": 1246124773,  "timestamp": 1729336945}
,{  "orderId": 277,  "type": "bid",  "orderType": "market",  "size": 1935,  "price": 56000000,  "timestamp": 1725165071}
,{  "orderId": 65812,  "type": "ask",  "orderType": "limit",  "size": 786,  "price": 1246051357,  "timestamp": 1729336927}
,{  "orderId": 65815,  "type": "bid",  "orderType": "market",  "size": 324,  "price": 1245959510,  "timestamp": 1729337157}
,{  "orderId": 278,  "type": "ask",  "orderType": "limit",  "size": 869,  "price": 61055708,  "timestamp": 1725165188}
,{  "orderId": 279,  "type": "bid",  "orderType": "market",  "size": 735,  "price": 56000000,  "timestamp": 1725165289}
,{  "orderId": 280,  "type": "bid",  "orderType": "market",  "size": 819,  "price": 56000000,  "timestamp": 1725165366}
,{  "orderId": 281,  "type": "ask",  "orderType": "market",  "size": 41,  "price": 61079176,  "timestamp": 1725165421}
,{  "orderId": 65819,  "type": "bid",  "orderType": "market",  "size": 583,  "price": 1246133620,  "timestamp": 1729337427}
,{  "orderId": 65818,  "type": "bid",  "orderType": "market",  "size": 372,  "price": 1246133620,  "timestamp": 1729337390}
,{  "orderId": 283,  "type": "ask",  "orderType": "limit",  "size": 60,  "price": 61079176,  "timestamp": 1725165439}
,{  "orderId": 284,  "type": "ask",  "orderType": "market",  "size": 247,  "price": 61079176,  "timestamp": 1725165478}
,{  "orderId": 285,  "type": "ask",  "orderType": "market",  "size": 901,  "price": 61261789,  "timestamp": 1725165493}
,{  "orderId": 286,  "type": "ask",  "orderType": "limit",  "size": 563,  "price": 62734051,  "timestamp": 1725165591}
,{  "orderId": 287,  "type": "ask",  "orderType": "stop",  "size": 1358,  "price": 63989168,  "timestamp": 1725165692}
,{  "orderId": 291,  "type": "bid",  "orderType": "market",  "size": 1869,  "price": 56000000,  "timestamp": 1725166057}
,{  "orderId": 65826,  "type": "bid",  "orderType": "market",  "size": 309,  "price": 1246225481,  "timestamp": 1729337750}
,{  "orderId": 293,  "type": "ask",  "orderType": "limit",  "size": 71,  "price": 63352294,  "timestamp": 1725166147}
,{  "orderId": 294,  "type": "bid",  "orderType": "market",  "size": 155,  "price": 63438200,  "timestamp": 1725166175}
,{  "orderId": 65830,  "type": "bid",  "orderType": "market",  "size": 1604,  "price": 1246321132,  "timestamp": 1729338224}
,{  "orderId": 295,  "type": "bid",  "orderType": "market",  "size": 556,  "price": 56000000,  "timestamp": 1725166289}
,{  "orderId": 65832,  "type": "ask",  "orderType": "limit",  "size": 414,  "price": 1246370426,  "timestamp": 1729338349}
,{  "orderId": 299,  "type": "bid",  "orderType": "market",  "size": 383,  "price": 63525029,  "timestamp": 1725166479}
,{  "orderId": 65834,  "type": "bid",  "orderType": "market",  "size": 343,  "price": 1246321132,  "timestamp": 1729338530}
,{  "orderId": 300,  "type": "bid",  "orderType": "market",  "size": 443,  "price": 63525029,  "timestamp": 1725166544}
,{  "orderId": 65837,  "type": "ask",  "orderType": "limit",  "size": 278,  "price": 1246370426,  "timestamp": 1729338735}
,{  "orderId": 65839,  "type": "ask",  "orderType": "stop",  "size": 264,  "price": 1246631166,  "timestamp": 1729338904}
,{  "orderId": 302,  "type": "bid",  "orderType": "market",  "size": 373,  "price": 63525029,  "timestamp": 1725166675}
,{  "orderId": 304,  "type": "bid",  "orderType": "market",  "size": 48,  "price": 63525029,  "timestamp": 1725166831}
,{  "orderId": 65841,  "type": "bid",  "orderType": "market",  "size": 130,  "price": 1246385508,  "timestamp": 1729339011}
,{  "orderId": 305,  "type": "bid",  "orderType": "market",  "size": 234,  "price": 56000000,  "timestamp": 1725166868}
,{  "orderId": 65843,  "type": "bid",  "orderType": "market",  "size": 13,  "price": 1246527919,  "timestamp": 1729339126}
,{  "orderId": 307,  "type": "ask",  "orderType": "stop",  "size": 146,  "price": 63989168,  "timestamp": 1725167006}
,{  "orderId": 65845,  "type": "bid",  "orderType": "market",  "size": 107,  "price": 1246385508,  "timestamp": 1729339312}
,{  "orderId": 65844,  "type": "bid",  "orderType": "market",  "size": 860,  "price": 1246527919,  "timestamp": 1729339198}
,{  "orderId": 313,  "type": "bid",  "orderType": "market",  "size": 673,  "price": 63831335,  "timestamp": 1725167384}
,{  "orderId": 314,  "type": "bid",  "orderType": "market",  "size": 750,  "price": 63717814,  "timestamp": 1725167468}
,{  "orderId": 316,  "type": "ask",  "orderType": "market",  "size": 78,  "price": 63989168,  "timestamp": 1725167517}
,{  "orderId": 317,  "type": "bid",  "orderType": "market",  "size": 816,  "price": 63717814,  "timestamp": 1725167634}
,{  "orderId": 320,  "type": "ask",  "orderType": "limit",  "size": 100,  "price": 63989168,  "timestamp": 1725167829}
,{  "orderId": 65857,  "type": "bid",  "orderType": "market",  "size": 37,  "price": 1246674371,  "timestamp": 1729340053}
,{  "orderId": 321,  "type": "bid",  "orderType": "market",  "size": 603,  "price": 64061304,  "timestamp": 1725167856}
,{  "orderId": 65856,  "type": "ask",  "orderType": "limit",  "size": 937,  "price": 1246631166,  "timestamp": 1729339999}
,{  "orderId": 65859,  "type": "bid",  "orderType": "market",  "size": 193,  "price": 1246674371,  "timestamp": 1729340251}
,{  "orderId": 323,  "type": "bid",  "orderType": "market",  "size": 576,  "price": 64104369,  "timestamp": 1725168080}
,{  "orderId": 324,  "type": "bid",  "orderType": "market",  "size": 766,  "price": 64104369,  "timestamp": 1725168132}
,{  "orderId": 65860,  "type": "ask",  "orderType": "stop",  "size": 1173,  "price": 1247059342,  "timestamp": 1729340281}
,{  "orderId": 325,  "type": "bid",  "orderType": "market",  "size": 602,  "price": 64061304,  "timestamp": 1725168181}
,{  "orderId": 326,  "type": "bid",  "orderType": "market",  "size": 200,  "price": 63643084,  "timestamp": 1725168205}
,{  "orderId": 65862,  "type": "bid",  "orderType": "market",  "size": 249,  "price": 1246694341,  "timestamp": 1729340494}
,{  "orderId": 328,  "type": "ask",  "orderType": "market",  "size": 560,  "price": 64158037,  "timestamp": 1725168330}
,{  "orderId": 329,  "type": "bid",  "orderType": "market",  "size": 478,  "price": 56000000,  "timestamp": 1725168441}
,{  "orderId": 330,  "type": "ask",  "orderType": "market",  "size": 612,  "price": 64158037,  "timestamp": 1725168557}
,{  "orderId": 331,  "type": "bid",  "orderType": "market",  "size": 381,  "price": 56000000,  "timestamp": 1725168587}
,{  "orderId": 65866,  "type": "bid",  "orderType": "market",  "size": 942,  "price": 1246708795,  "timestamp": 1729340749}
,{  "orderId": 333,  "type": "bid",  "orderType": "market",  "size": 803,  "price": 56000000,  "timestamp": 1725168641}
,{  "orderId": 65868,  "type": "bid",  "orderType": "market",  "size": 254,  "price": 1246751043,  "timestamp": 1729340882}
,{  "orderId": 334,  "type": "bid",  "orderType": "market",  "size": 1021,  "price": 56000000,  "timestamp": 1725168642}
,{  "orderId": 336,  "type": "bid",  "orderType": "market",  "size": 1244,  "price": 56000000,  "timestamp": 1725168822}
,{  "orderId": 65873,  "type": "bid",  "orderType": "market",  "size": 508,  "price": 1246893667,  "timestamp": 1729341257}
,{  "orderId": 337,  "type": "ask",  "orderType": "limit",  "size": 718,  "price": 64158037,  "timestamp": 1725168898}
,{  "orderId": 338,  "type": "bid",  "orderType": "market",  "size": 335,  "price": 56000000,  "timestamp": 1725168925}
,{  "orderId": 339,  "type": "bid",  "orderType": "market",  "size": 906,  "price": 56000000,  "timestamp": 1725168967}
,{  "orderId": 65877,  "type": "bid",  "orderType": "market",  "size": 479,  "price": 1246860074,  "timestamp": 1729341579}
,{  "orderId": 340,  "type": "bid",  "orderType": "market",  "size": 611,  "price": 56000000,  "timestamp": 1725168993}
,{  "orderId": 341,  "type": "bid",  "orderType": "market",  "size": 1060,  "price": 56000000,  "timestamp": 1725169079}
,{  "orderId": 342,  "type": "bid",  "orderType": "market",  "size": 167,  "price": 56000000,  "timestamp": 1725169195}
,{  "orderId": 344,  "type": "bid",  "orderType": "market",  "size": 1327,  "price": 56000000,  "timestamp": 1725169417}
,{  "orderId": 345,  "type": "ask",  "orderType": "limit",  "size": 71,  "price": 64158037,  "timestamp": 1725169467}
,{  "orderId": 65882,  "type": "bid",  "orderType": "market",  "size": 83,  "price": 1246860074,  "timestamp": 1729341846}
,{  "orderId": 65884,  "type": "bid",  "orderType": "stop",  "size": 166,  "price": 1246860074,  "timestamp": 1729341895}
,{  "orderId": 65891,  "type": "bid",  "orderType": "market",  "size": 74,  "price": 1246860074,  "timestamp": 1729342294}
,{  "orderId": 65890,  "type": "ask",  "orderType": "market",  "size": 112,  "price": 1247059342,  "timestamp": 1729342199}
,{  "orderId": 65893,  "type": "ask",  "orderType": "limit",  "size": 131,  "price": 1247149071,  "timestamp": 1729342302}
,{  "orderId": 356,  "type": "bid",  "orderType": "market",  "size": 274,  "price": 64462364,  "timestamp": 1725170240}
,{  "orderId": 357,  "type": "bid",  "orderType": "market",  "size": 1297,  "price": 64462364,  "timestamp": 1725170317}
,{  "orderId": 358,  "type": "ask",  "orderType": "market",  "size": 856,  "price": 64547153,  "timestamp": 1725170432}
,{  "orderId": 359,  "type": "bid",  "orderType": "market",  "size": 32,  "price": 64462364,  "timestamp": 1725170542}
,{  "orderId": 360,  "type": "ask",  "orderType": "market",  "size": 794,  "price": 64547153,  "timestamp": 1725170591}
,{  "orderId": 65896,  "type": "ask",  "orderType": "limit",  "size": 1354,  "price": 1247149071,  "timestamp": 1729342550}
,{  "orderId": 361,  "type": "ask",  "orderType": "limit",  "size": 273,  "price": 64547153,  "timestamp": 1725170680}
,{  "orderId": 65903,  "type": "ask",  "orderType": "stop",  "size": 1232,  "price": 1247570464,  "timestamp": 1729343143}
,{  "orderId": 368,  "type": "bid",  "orderType": "market",  "size": 237,  "price": 64660641,  "timestamp": 1725171298}
,{  "orderId": 65909,  "type": "bid",  "orderType": "market",  "size": 31,  "price": 1247353490,  "timestamp": 1729343593}
,{  "orderId": 372,  "type": "bid",  "orderType": "market",  "size": 661,  "price": 64660641,  "timestamp": 1725171497}
,{  "orderId": 65908,  "type": "bid",  "orderType": "market",  "size": 85,  "price": 1247353490,  "timestamp": 1729343481}
,{  "orderId": 65912,  "type": "bid",  "orderType": "market",  "size": 171,  "price": 1247531342,  "timestamp": 1729343749}
,{  "orderId": 378,  "type": "bid",  "orderType": "market",  "size": 1535,  "price": 64699502,  "timestamp": 1725172001}
,{  "orderId": 65917,  "type": "ask",  "orderType": "limit",  "size": 730,  "price": 1247570464,  "timestamp": 1729344149}
,{  "orderId": 383,  "type": "bid",  "orderType": "stop",  "size": 484,  "price": 64828869,  "timestamp": 1725172329}
,{  "orderId": 385,  "type": "bid",  "orderType": "market",  "size": 176,  "price": 64828869,  "timestamp": 1725172404}
,{  "orderId": 386,  "type": "bid",  "orderType": "market",  "size": 670,  "price": 64828869,  "timestamp": 1725172460}
,{  "orderId": 387,  "type": "ask",  "orderType": "market",  "size": 46,  "price": 64872166,  "timestamp": 1725172478}
,{  "orderId": 65922,  "type": "ask",  "orderType": "market",  "size": 374,  "price": 1247657697,  "timestamp": 1729344471}
,{  "orderId": 388,  "type": "bid",  "orderType": "market",  "size": 498,  "price": 64802585,  "timestamp": 1725172567}
,{  "orderId": 389,  "type": "ask",  "orderType": "market",  "size": 124,  "price": 64872166,  "timestamp": 1725172615}
,{  "orderId": 390,  "type": "bid",  "orderType": "stop",  "size": 1304,  "price": 64699502,  "timestamp": 1725172730}
,{  "orderId": 391,  "type": "bid",  "orderType": "market",  "size": 384,  "price": 56000000,  "timestamp": 1725172770}
,{  "orderId": 392,  "type": "ask",  "orderType": "market",  "size": 1275,  "price": 64872166,  "timestamp": 1725172830}
,{  "orderId": 393,  "type": "bid",  "orderType": "stop",  "size": 707,  "price": 56000000,  "timestamp": 1725173044}
,{  "orderId": 65931,  "type": "ask",  "orderType": "market",  "size": 329,  "price": 1247713616,  "timestamp": 1729344953}
,{  "orderId": 65930,  "type": "bid",  "orderType": "market",  "size": 371,  "price": 1247653229,  "timestamp": 1729344848}
,{  "orderId": 395,  "type": "bid",  "orderType": "market",  "size": 1420,  "price": 56000000,  "timestamp": 1725173175}
,{  "orderId": 65936,  "type": "ask",  "orderType": "market",  "size": 698,  "price": 1247787036,  "timestamp": 1729345312}
,{  "orderId": 402,  "type": "ask",  "orderType": "limit",  "size": 46,  "price": 64872166,  "timestamp": 1725173770}
,{  "orderId": 65938,  "type": "ask",  "orderType": "market",  "size": 293,  "price": 1247841223,  "timestamp": 1729345446}
,{  "orderId": 65943,  "type": "ask",  "orderType": "market",  "size": 466,  "price": 1247841223,  "timestamp": 1729345683}
,{  "orderId": 414,  "type": "bid",  "orderType": "market",  "size": 415,  "price": 65251875,  "timestamp": 1725174559}
,{  "orderId": 65951,  "type": "ask",  "orderType": "limit",  "size": 269,  "price": 1248094102,  "timestamp": 1729346071}
,{  "orderId": 418,  "type": "bid",  "orderType": "market",  "size": 354,  "price": 65380951,  "timestamp": 1725174802}
,{  "orderId": 65954,  "type": "ask",  "orderType": "limit",  "size": 601,  "price": 1248176436,  "timestamp": 1729346306}
,{  "orderId": 65957,  "type": "ask",  "orderType": "stop",  "size": 152,  "price": 1248342930,  "timestamp": 1729346585}
,{  "orderId": 420,  "type": "bid",  "orderType": "market",  "size": 203,  "price": 65153230,  "timestamp": 1725174964}
,{  "orderId": 65958,  "type": "bid",  "orderType": "market",  "size": 251,  "price": 1248188089,  "timestamp": 1729346638}
,{  "orderId": 65960,  "type": "bid",  "orderType": "market",  "size": 620,  "price": 1248188089,  "timestamp": 1729346695}
,{  "orderId": 428,  "type": "ask",  "orderType": "market",  "size": 563,  "price": 65505950,  "timestamp": 1725175396}
,{  "orderId": 429,  "type": "ask",  "orderType": "limit",  "size": 1054,  "price": 65505950,  "timestamp": 1725175503}
,{  "orderId": 65966,  "type": "bid",  "orderType": "market",  "size": 1019,  "price": 1248290259,  "timestamp": 1729347038}
,{  "orderId": 431,  "type": "ask",  "orderType": "stop",  "size": 247,  "price": 65778630,  "timestamp": 1725175580}
,{  "orderId": 433,  "type": "bid",  "orderType": "market",  "size": 146,  "price": 65410896,  "timestamp": 1725175638}
,{  "orderId": 65971,  "type": "ask",  "orderType": "market",  "size": 544,  "price": 1248342930,  "timestamp": 1729347352}
,{  "orderId": 434,  "type": "ask",  "orderType": "limit",  "size": 254,  "price": 65505950,  "timestamp": 1725175694}
,{  "orderId": 435,  "type": "ask",  "orderType": "limit",  "size": 284,  "price": 65505950,  "timestamp": 1725175735}
,{  "orderId": 442,  "type": "ask",  "orderType": "stop",  "size": 629,  "price": 66084575,  "timestamp": 1725176131}
,{  "orderId": 65978,  "type": "ask",  "orderType": "limit",  "size": 1293,  "price": 1248436163,  "timestamp": 1729347839}
,{  "orderId": 444,  "type": "ask",  "orderType": "stop",  "size": 37,  "price": 66084575,  "timestamp": 1725176258}
,{  "orderId": 445,  "type": "ask",  "orderType": "limit",  "size": 77,  "price": 65778630,  "timestamp": 1725176271}
,{  "orderId": 65980,  "type": "bid",  "orderType": "market",  "size": 290,  "price": 1248544400,  "timestamp": 1729347948}
,{  "orderId": 448,  "type": "ask",  "orderType": "limit",  "size": 291,  "price": 65778630,  "timestamp": 1725176476}
,{  "orderId": 65989,  "type": "bid",  "orderType": "market",  "size": 635,  "price": 1248653670,  "timestamp": 1729348721}
,{  "orderId": 456,  "type": "bid",  "orderType": "market",  "size": 65,  "price": 66075450,  "timestamp": 1725176910}
,{  "orderId": 65993,  "type": "bid",  "orderType": "market",  "size": 37,  "price": 1248653670,  "timestamp": 1729348971}
,{  "orderId": 65992,  "type": "bid",  "orderType": "market",  "size": 860,  "price": 1248653670,  "timestamp": 1729348962}
,{  "orderId": 65995,  "type": "bid",  "orderType": "market",  "size": 453,  "price": 1248544400,  "timestamp": 1729349088}
,{  "orderId": 461,  "type": "bid",  "orderType": "market",  "size": 18,  "price": 66075450,  "timestamp": 1725177204}
,{  "orderId": 465,  "type": "ask",  "orderType": "market",  "size": 537,  "price": 66084575,  "timestamp": 1725177632}
,{  "orderId": 467,  "type": "ask",  "orderType": "market",  "size": 16,  "price": 66084575,  "timestamp": 1725177704}
,{  "orderId": 66005,  "type": "ask",  "orderType": "limit",  "size": 210,  "price": 1248778662,  "timestamp": 1729349929}
,{  "orderId": 469,  "type": "ask",  "orderType": "market",  "size": 24,  "price": 66173620,  "timestamp": 1725177834}
,{  "orderId": 470,  "type": "ask",  "orderType": "market",  "size": 396,  "price": 66173620,  "timestamp": 1725177908}
,{  "orderId": 66006,  "type": "bid",  "orderType": "stop",  "size": 481,  "price": 1248864934,  "timestamp": 1729349953}
,{  "orderId": 472,  "type": "ask",  "orderType": "limit",  "size": 902,  "price": 66216891,  "timestamp": 1725178046}
,{  "orderId": 66008,  "type": "bid",  "orderType": "market",  "size": 1309,  "price": 1248864934,  "timestamp": 1729349998}
,{  "orderId": 474,  "type": "ask",  "orderType": "limit",  "size": 92,  "price": 66216891,  "timestamp": 1725178133}
,{  "orderId": 476,  "type": "bid",  "orderType": "market",  "size": 283,  "price": 66300530,  "timestamp": 1725178295}
,{  "orderId": 477,  "type": "ask",  "orderType": "stop",  "size": 774,  "price": 66416319,  "timestamp": 1725178366}
,{  "orderId": 66015,  "type": "ask",  "orderType": "market",  "size": 1493,  "price": 1248968845,  "timestamp": 1729350487}
,{  "orderId": 66017,  "type": "ask",  "orderType": "limit",  "size": 105,  "price": 1249086891,  "timestamp": 1729350598}
,{  "orderId": 480,  "type": "ask",  "orderType": "limit",  "size": 410,  "price": 66416319,  "timestamp": 1725178511}
,{  "orderId": 485,  "type": "bid",  "orderType": "market",  "size": 1072,  "price": 66587530,  "timestamp": 1725178838}
,{  "orderId": 486,  "type": "bid",  "orderType": "market",  "size": 702,  "price": 66587530,  "timestamp": 1725178922}
,{  "orderId": 66022,  "type": "ask",  "orderType": "stop",  "size": 982,  "price": 1249174209,  "timestamp": 1729351205}
,{  "orderId": 488,  "type": "bid",  "orderType": "market",  "size": 180,  "price": 66524094,  "timestamp": 1725179022}
,{  "orderId": 66026,  "type": "bid",  "orderType": "market",  "size": 1212,  "price": 1249168547,  "timestamp": 1729351456}
,{  "orderId": 492,  "type": "bid",  "orderType": "market",  "size": 995,  "price": 66744183,  "timestamp": 1725179170}
,{  "orderId": 66031,  "type": "ask",  "orderType": "market",  "size": 383,  "price": 1249174209,  "timestamp": 1729351788}
,{  "orderId": 496,  "type": "bid",  "orderType": "market",  "size": 1150,  "price": 66842028,  "timestamp": 1725179300}
,{  "orderId": 66033,  "type": "bid",  "orderType": "market",  "size": 61,  "price": 1249168547,  "timestamp": 1729351927}
,{  "orderId": 66032,  "type": "ask",  "orderType": "stop",  "size": 190,  "price": 1249330279,  "timestamp": 1729351887}
,{  "orderId": 497,  "type": "ask",  "orderType": "limit",  "size": 235,  "price": 66867469,  "timestamp": 1725179412}
,{  "orderId": 499,  "type": "bid",  "orderType": "market",  "size": 142,  "price": 66965515,  "timestamp": 1725179495}
,{  "orderId": 500,  "type": "bid",  "orderType": "market",  "size": 712,  "price": 66842028,  "timestamp": 1725179567}
,{  "orderId": 66036,  "type": "ask",  "orderType": "market",  "size": 627,  "price": 1249192823,  "timestamp": 1729352071}
,{  "orderId": 66039,  "type": "ask",  "orderType": "limit",  "size": 210,  "price": 1249192823,  "timestamp": 1729352176}
,{  "orderId": 66038,  "type": "bid",  "orderType": "market",  "size": 231,  "price": 1249168547,  "timestamp": 1729352125}
,{  "orderId": 503,  "type": "ask",  "orderType": "stop",  "size": 1322,  "price": 67118099,  "timestamp": 1725179757}
,{  "orderId": 66040,  "type": "bid",  "orderType": "market",  "size": 377,  "price": 1249240458,  "timestamp": 1729352216}
,{  "orderId": 507,  "type": "bid",  "orderType": "market",  "size": 249,  "price": 66524094,  "timestamp": 1725180012}
,{  "orderId": 509,  "type": "ask",  "orderType": "market",  "size": 203,  "price": 67118099,  "timestamp": 1725180214}
,{  "orderId": 512,  "type": "ask",  "orderType": "limit",  "size": 64,  "price": 67118099,  "timestamp": 1725180406}
,{  "orderId": 513,  "type": "ask",  "orderType": "stop",  "size": 1760,  "price": 67413903,  "timestamp": 1725180407}
,{  "orderId": 66048,  "type": "bid",  "orderType": "market",  "size": 1061,  "price": 1249263255,  "timestamp": 1729352970}
,{  "orderId": 66051,  "type": "ask",  "orderType": "limit",  "size": 396,  "price": 1249330279,  "timestamp": 1729353205}
,{  "orderId": 66050,  "type": "ask",  "orderType": "market",  "size": 967,  "price": 1249330279,  "timestamp": 1729353168}
,{  "orderId": 66053,  "type": "ask",  "orderType": "limit",  "size": 1116,  "price": 1249433755,  "timestamp": 1729353267}
,{  "orderId": 518,  "type": "ask",  "orderType": "limit",  "size": 186,  "price": 67118099,  "timestamp": 1725180772}
,{  "orderId": 519,  "type": "ask",  "orderType": "limit",  "size": 75,  "price": 67118099,  "timestamp": 1725180858}
,{  "orderId": 520,  "type": "bid",  "orderType": "market",  "size": 1610,  "price": 67350702,  "timestamp": 1725180970}
,{  "orderId": 66058,  "type": "bid",  "orderType": "market",  "size": 22,  "price": 1249552541,  "timestamp": 1729353526}
,{  "orderId": 526,  "type": "ask",  "orderType": "limit",  "size": 51,  "price": 67413903,  "timestamp": 1725181543}
,{  "orderId": 527,  "type": "bid",  "orderType": "market",  "size": 244,  "price": 67487506,  "timestamp": 1725181575}
,{  "orderId": 66065,  "type": "bid",  "orderType": "market",  "size": 1593,  "price": 1249724278,  "timestamp": 1729354010}
,{  "orderId": 530,  "type": "ask",  "orderType": "stop",  "size": 940,  "price": 67756076,  "timestamp": 1725181688}
,{  "orderId": 66066,  "type": "ask",  "orderType": "market",  "size": 785,  "price": 1249761296,  "timestamp": 1729354102}
,{  "orderId": 66071,  "type": "bid",  "orderType": "market",  "size": 17,  "price": 1249831406,  "timestamp": 1729354447}
,{  "orderId": 66070,  "type": "ask",  "orderType": "limit",  "size": 135,  "price": 1249761296,  "timestamp": 1729354381}
,{  "orderId": 535,  "type": "bid",  "orderType": "market",  "size": 144,  "price": 67661803,  "timestamp": 1725182064}
,{  "orderId": 537,  "type": "ask",  "orderType": "market",  "size": 42,  "price": 67756076,  "timestamp": 1725182138}
,{  "orderId": 538,  "type": "bid",  "orderType": "market",  "size": 882,  "price": 67661803,  "timestamp": 1725182175}
,{  "orderId": 539,  "type": "bid",  "orderType": "stop",  "size": 426,  "price": 67661803,  "timestamp": 1725182217}
,{  "orderId": 541,  "type": "ask",  "orderType": "market",  "size": 356,  "price": 67756076,  "timestamp": 1725182362}
,{  "orderId": 542,  "type": "bid",  "orderType": "market",  "size": 441,  "price": 67487506,  "timestamp": 1725182453}
,{  "orderId": 543,  "type": "ask",  "orderType": "stop",  "size": 134,  "price": 67925612,  "timestamp": 1725182534}
,{  "orderId": 66081,  "type": "ask",  "orderType": "limit",  "size": 316,  "price": 1250026332,  "timestamp": 1729355190}
,{  "orderId": 66080,  "type": "bid",  "orderType": "stop",  "size": 1423,  "price": 1249938914,  "timestamp": 1729355080}
,{  "orderId": 547,  "type": "ask",  "orderType": "limit",  "size": 370,  "price": 67756076,  "timestamp": 1725182726}
,{  "orderId": 66085,  "type": "bid",  "orderType": "market",  "size": 278,  "price": 1250173107,  "timestamp": 1729355328}
,{  "orderId": 66087,  "type": "bid",  "orderType": "stop",  "size": 200,  "price": 1250129043,  "timestamp": 1729355417}
,{  "orderId": 550,  "type": "ask",  "orderType": "market",  "size": 37,  "price": 67756076,  "timestamp": 1725182870}
,{  "orderId": 551,  "type": "ask",  "orderType": "limit",  "size": 168,  "price": 67925612,  "timestamp": 1725182887}
,{  "orderId": 559,  "type": "bid",  "orderType": "market",  "size": 258,  "price": 68188627,  "timestamp": 1725183415}
,{  "orderId": 66096,  "type": "ask",  "orderType": "stop",  "size": 1140,  "price": 1250496732,  "timestamp": 1729356078}
,{  "orderId": 66099,  "type": "bid",  "orderType": "market",  "size": 1418,  "price": 1250315813,  "timestamp": 1729356315}
,{  "orderId": 563,  "type": "bid",  "orderType": "stop",  "size": 253,  "price": 68347269,  "timestamp": 1725183679}
,{  "orderId": 564,  "type": "bid",  "orderType": "stop",  "size": 241,  "price": 68185014,  "timestamp": 1725183789}
,{  "orderId": 66103,  "type": "ask",  "orderType": "market",  "size": 334,  "price": 1250496732,  "timestamp": 1729356456}
,{  "orderId": 66102,  "type": "ask",  "orderType": "limit",  "size": 237,  "price": 1250496732,  "timestamp": 1729356380}
,{  "orderId": 66107,  "type": "bid",  "orderType": "market",  "size": 202,  "price": 1250245354,  "timestamp": 1729356546}
,{  "orderId": 571,  "type": "ask",  "orderType": "limit",  "size": 545,  "price": 68529572,  "timestamp": 1725184239}
,{  "orderId": 66106,  "type": "bid",  "orderType": "market",  "size": 397,  "price": 1250245354,  "timestamp": 1729356509}
,{  "orderId": 66109,  "type": "ask",  "orderType": "limit",  "size": 47,  "price": 1250496732,  "timestamp": 1729356665}
,{  "orderId": 66108,  "type": "bid",  "orderType": "market",  "size": 373,  "price": 1250245354,  "timestamp": 1729356658}
,{  "orderId": 66113,  "type": "bid",  "orderType": "market",  "size": 1363,  "price": 1250586863,  "timestamp": 1729356731}
,{  "orderId": 579,  "type": "ask",  "orderType": "stop",  "size": 1263,  "price": 68749387,  "timestamp": 1725184643}
,{  "orderId": 66116,  "type": "bid",  "orderType": "market",  "size": 372,  "price": 1250586863,  "timestamp": 1729356961}
,{  "orderId": 582,  "type": "bid",  "orderType": "market",  "size": 346,  "price": 68536802,  "timestamp": 1725184843}
,{  "orderId": 66118,  "type": "ask",  "orderType": "market",  "size": 546,  "price": 1250617884,  "timestamp": 1729357098}
,{  "orderId": 66121,  "type": "ask",  "orderType": "stop",  "size": 126,  "price": 1250879102,  "timestamp": 1729357425}
,{  "orderId": 585,  "type": "ask",  "orderType": "market",  "size": 205,  "price": 68549997,  "timestamp": 1725184998}
,{  "orderId": 66120,  "type": "ask",  "orderType": "limit",  "size": 172,  "price": 1250617884,  "timestamp": 1729357287}
,{  "orderId": 66123,  "type": "bid",  "orderType": "market",  "size": 158,  "price": 1250814589,  "timestamp": 1729357597}
,{  "orderId": 587,  "type": "ask",  "orderType": "market",  "size": 158,  "price": 68749387,  "timestamp": 1725185026}
,{  "orderId": 66127,  "type": "bid",  "orderType": "market",  "size": 1602,  "price": 1250828743,  "timestamp": 1729357800}
,{  "orderId": 66131,  "type": "bid",  "orderType": "market",  "size": 318,  "price": 1250828743,  "timestamp": 1729358087}
,{  "orderId": 598,  "type": "ask",  "orderType": "market",  "size": 129,  "price": 68749387,  "timestamp": 1725185567}
,{  "orderId": 66135,  "type": "bid",  "orderType": "market",  "size": 360,  "price": 1250856647,  "timestamp": 1729358207}
,{  "orderId": 66134,  "type": "ask",  "orderType": "stop",  "size": 25,  "price": 1251049565,  "timestamp": 1729358198}
,{  "orderId": 66136,  "type": "ask",  "orderType": "limit",  "size": 566,  "price": 1250879102,  "timestamp": 1729358280}
,{  "orderId": 66138,  "type": "bid",  "orderType": "market",  "size": 978,  "price": 1251036473,  "timestamp": 1729358363}
,{  "orderId": 66140,  "type": "bid",  "orderType": "market",  "size": 610,  "price": 1250856647,  "timestamp": 1729358548}
,{  "orderId": 609,  "type": "ask",  "orderType": "limit",  "size": 120,  "price": 68749387,  "timestamp": 1725186074}
,{  "orderId": 66147,  "type": "ask",  "orderType": "market",  "size": 75,  "price": 1251049565,  "timestamp": 1729358970}
,{  "orderId": 66148,  "type": "ask",  "orderType": "limit",  "size": 1572,  "price": 1251049565,  "timestamp": 1729359052}
,{  "orderId": 614,  "type": "bid",  "orderType": "market",  "size": 10,  "price": 68863719,  "timestamp": 1725186372}
,{  "orderId": 615,  "type": "ask",  "orderType": "stop",  "size": 773,  "price": 69135924,  "timestamp": 1725186414}
,{  "orderId": 66153,  "type": "ask",  "orderType": "market",  "size": 736,  "price": 1251133551,  "timestamp": 1729359404}
,{  "orderId": 66152,  "type": "ask",  "orderType": "limit",  "size": 666,  "price": 1251133551,  "timestamp": 1729359298}
,{  "orderId": 66155,  "type": "ask",  "orderType": "limit",  "size": 17,  "price": 1251270421,  "timestamp": 1729359483}
,{  "orderId": 619,  "type": "bid",  "orderType": "market",  "size": 291,  "price": 68998999,  "timestamp": 1725186648}
,{  "orderId": 66158,  "type": "bid",  "orderType": "market",  "size": 33,  "price": 1251364464,  "timestamp": 1729359742}
,{  "orderId": 66161,  "type": "ask",  "orderType": "market",  "size": 447,  "price": 1251387710,  "timestamp": 1729360088}
,{  "orderId": 624,  "type": "bid",  "orderType": "market",  "size": 279,  "price": 69056057,  "timestamp": 1725186889}
,{  "orderId": 66163,  "type": "ask",  "orderType": "limit",  "size": 108,  "price": 1251387710,  "timestamp": 1729360294}
,{  "orderId": 66162,  "type": "ask",  "orderType": "market",  "size": 1189,  "price": 1251387710,  "timestamp": 1729360185}
,{  "orderId": 628,  "type": "ask",  "orderType": "stop",  "size": 104,  "price": 69322744,  "timestamp": 1725187181}
,{  "orderId": 630,  "type": "ask",  "orderType": "market",  "size": 869,  "price": 69135924,  "timestamp": 1725187287}
,{  "orderId": 66166,  "type": "bid",  "orderType": "market",  "size": 344,  "price": 1251513864,  "timestamp": 1729360536}
,{  "orderId": 66169,  "type": "bid",  "orderType": "market",  "size": 822,  "price": 1251513864,  "timestamp": 1729360815}
,{  "orderId": 632,  "type": "bid",  "orderType": "market",  "size": 38,  "price": 69056057,  "timestamp": 1725187361}
,{  "orderId": 66168,  "type": "ask",  "orderType": "market",  "size": 290,  "price": 1251601989,  "timestamp": 1729360717}
,{  "orderId": 633,  "type": "ask",  "orderType": "limit",  "size": 151,  "price": 69135924,  "timestamp": 1725187401}
,{  "orderId": 66170,  "type": "ask",  "orderType": "limit",  "size": 122,  "price": 1251601989,  "timestamp": 1729360915}
,{  "orderId": 635,  "type": "bid",  "orderType": "market",  "size": 281,  "price": 69288756,  "timestamp": 1725187492}
,{  "orderId": 66173,  "type": "bid",  "orderType": "market",  "size": 571,  "price": 1251680055,  "timestamp": 1729360999}
,{  "orderId": 66175,  "type": "bid",  "orderType": "market",  "size": 22,  "price": 1251680055,  "timestamp": 1729361162}
,{  "orderId": 640,  "type": "bid",  "orderType": "market",  "size": 153,  "price": 69288756,  "timestamp": 1725187666}
,{  "orderId": 643,  "type": "ask",  "orderType": "stop",  "size": 1437,  "price": 69709854,  "timestamp": 1725187828}
,{  "orderId": 644,  "type": "ask",  "orderType": "market",  "size": 386,  "price": 69322744,  "timestamp": 1725187928}
,{  "orderId": 645,  "type": "ask",  "orderType": "market",  "size": 377,  "price": 69322744,  "timestamp": 1725188046}
,{  "orderId": 646,  "type": "ask",  "orderType": "market",  "size": 33,  "price": 69393321,  "timestamp": 1725188109}
,{  "orderId": 66182,  "type": "bid",  "orderType": "market",  "size": 27,  "price": 1251850805,  "timestamp": 1729361531}
,{  "orderId": 647,  "type": "ask",  "orderType": "limit",  "size": 341,  "price": 69393321,  "timestamp": 1725188213}
,{  "orderId": 648,  "type": "bid",  "orderType": "market",  "size": 1054,  "price": 69519442,  "timestamp": 1725188225}
,{  "orderId": 66185,  "type": "bid",  "orderType": "market",  "size": 385,  "price": 1251944830,  "timestamp": 1729361749}
,{  "orderId": 66186,  "type": "bid",  "orderType": "market",  "size": 10,  "price": 1251944830,  "timestamp": 1729361816}
,{  "orderId": 651,  "type": "bid",  "orderType": "market",  "size": 488,  "price": 69613938,  "timestamp": 1725188334}
,{  "orderId": 66189,  "type": "bid",  "orderType": "stop",  "size": 281,  "price": 1251944830,  "timestamp": 1729361916}
,{  "orderId": 655,  "type": "bid",  "orderType": "market",  "size": 691,  "price": 69672021,  "timestamp": 1725188713}
,{  "orderId": 66190,  "type": "bid",  "orderType": "market",  "size": 113,  "price": 1251944830,  "timestamp": 1729361994}
,{  "orderId": 656,  "type": "ask",  "orderType": "limit",  "size": 225,  "price": 69709854,  "timestamp": 1725188742}
,{  "orderId": 658,  "type": "bid",  "orderType": "market",  "size": 48,  "price": 69730806,  "timestamp": 1725188849}
,{  "orderId": 660,  "type": "bid",  "orderType": "market",  "size": 18,  "price": 69730806,  "timestamp": 1725189046}
,{  "orderId": 66199,  "type": "ask",  "orderType": "limit",  "size": 53,  "price": 1252161324,  "timestamp": 1729362490}
,{  "orderId": 66200,  "type": "bid",  "orderType": "market",  "size": 241,  "price": 1252280742,  "timestamp": 1729362504}
,{  "orderId": 66203,  "type": "bid",  "orderType": "stop",  "size": 566,  "price": 1252074495,  "timestamp": 1729362669}
,{  "orderId": 670,  "type": "ask",  "orderType": "market",  "size": 85,  "price": 69988693,  "timestamp": 1725189379}
,{  "orderId": 66206,  "type": "ask",  "orderType": "market",  "size": 526,  "price": 1252412441,  "timestamp": 1729362812}
,{  "orderId": 66209,  "type": "ask",  "orderType": "market",  "size": 148,  "price": 1252412441,  "timestamp": 1729362888}
,{  "orderId": 66211,  "type": "bid",  "orderType": "market",  "size": 186,  "price": 1252353091,  "timestamp": 1729362995}
,{  "orderId": 674,  "type": "bid",  "orderType": "market",  "size": 145,  "price": 69880114,  "timestamp": 1725189611}
,{  "orderId": 66210,  "type": "ask",  "orderType": "limit",  "size": 1135,  "price": 1252510156,  "timestamp": 1729362897}
,{  "orderId": 676,  "type": "ask",  "orderType": "limit",  "size": 873,  "price": 70054253,  "timestamp": 1725189653}
,{  "orderId": 66212,  "type": "ask",  "orderType": "stop",  "size": 841,  "price": 1252977816,  "timestamp": 1729363068}
,{  "orderId": 677,  "type": "ask",  "orderType": "limit",  "size": 362,  "price": 70054253,  "timestamp": 1725189670}
,{  "orderId": 679,  "type": "ask",  "orderType": "market",  "size": 71,  "price": 70054253,  "timestamp": 1725189793}
,{  "orderId": 66217,  "type": "ask",  "orderType": "market",  "size": 23,  "price": 1252510156,  "timestamp": 1729363458}
,{  "orderId": 680,  "type": "ask",  "orderType": "limit",  "size": 290,  "price": 70054253,  "timestamp": 1725189905}
,{  "orderId": 66216,  "type": "bid",  "orderType": "market",  "size": 1178,  "price": 1252353091,  "timestamp": 1729363447}
,{  "orderId": 681,  "type": "ask",  "orderType": "limit",  "size": 1380,  "price": 70244750,  "timestamp": 1725190017}
,{  "orderId": 682,  "type": "bid",  "orderType": "market",  "size": 245,  "price": 70368157,  "timestamp": 1725190129}
,{  "orderId": 66218,  "type": "bid",  "orderType": "market",  "size": 29,  "price": 1252353091,  "timestamp": 1729363555}
,{  "orderId": 66220,  "type": "ask",  "orderType": "market",  "size": 345,  "price": 1252510156,  "timestamp": 1729363751}
,{  "orderId": 66223,  "type": "ask",  "orderType": "stop",  "size": 282,  "price": 1252977816,  "timestamp": 1729363986}
,{  "orderId": 687,  "type": "bid",  "orderType": "market",  "size": 812,  "price": 70429515,  "timestamp": 1725190400}
,{  "orderId": 66222,  "type": "ask",  "orderType": "limit",  "size": 64,  "price": 1252510156,  "timestamp": 1729363912}
,{  "orderId": 689,  "type": "bid",  "orderType": "market",  "size": 1667,  "price": 70436660,  "timestamp": 1725190515}
,{  "orderId": 66228,  "type": "ask",  "orderType": "market",  "size": 292,  "price": 1252977816,  "timestamp": 1729364512}
,{  "orderId": 66231,  "type": "bid",  "orderType": "market",  "size": 139,  "price": 1252897429,  "timestamp": 1729364689}
,{  "orderId": 66230,  "type": "bid",  "orderType": "market",  "size": 668,  "price": 1252897429,  "timestamp": 1729364598}
,{  "orderId": 66236,  "type": "ask",  "orderType": "limit",  "size": 540,  "price": 1252977816,  "timestamp": 1729364937}
,{  "orderId": 66239,  "type": "bid",  "orderType": "market",  "size": 830,  "price": 1253206026,  "timestamp": 1729365120}
,{  "orderId": 703,  "type": "ask",  "orderType": "market",  "size": 239,  "price": 70681070,  "timestamp": 1725191450}
,{  "orderId": 704,  "type": "bid",  "orderType": "market",  "size": 162,  "price": 70659181,  "timestamp": 1725191513}
,{  "orderId": 706,  "type": "ask",  "orderType": "market",  "size": 167,  "price": 70775845,  "timestamp": 1725191549}
,{  "orderId": 707,  "type": "ask",  "orderType": "limit",  "size": 931,  "price": 70817086,  "timestamp": 1725191570}
,{  "orderId": 711,  "type": "ask",  "orderType": "market",  "size": 750,  "price": 70817086,  "timestamp": 1725191735}
,{  "orderId": 66249,  "type": "bid",  "orderType": "market",  "size": 1155,  "price": 1253387318,  "timestamp": 1729365570}
,{  "orderId": 66248,  "type": "bid",  "orderType": "market",  "size": 16,  "price": 1253387318,  "timestamp": 1729365565}
,{  "orderId": 716,  "type": "ask",  "orderType": "limit",  "size": 307,  "price": 71061050,  "timestamp": 1725192002}
,{  "orderId": 66254,  "type": "bid",  "orderType": "market",  "size": 234,  "price": 1253484826,  "timestamp": 1729365860}
,{  "orderId": 720,  "type": "bid",  "orderType": "market",  "size": 34,  "price": 70580472,  "timestamp": 1725192497}
,{  "orderId": 722,  "type": "ask",  "orderType": "market",  "size": 649,  "price": 71061050,  "timestamp": 1725192673}
,{  "orderId": 66259,  "type": "bid",  "orderType": "stop",  "size": 50,  "price": 1253517805,  "timestamp": 1729366102}
,{  "orderId": 723,  "type": "ask",  "orderType": "market",  "size": 1686,  "price": 71151052,  "timestamp": 1725192719}
,{  "orderId": 66261,  "type": "bid",  "orderType": "market",  "size": 112,  "price": 1253707660,  "timestamp": 1729366173}
,{  "orderId": 724,  "type": "ask",  "orderType": "market",  "size": 130,  "price": 71151052,  "timestamp": 1725192769}
,{  "orderId": 726,  "type": "ask",  "orderType": "market",  "size": 104,  "price": 71151052,  "timestamp": 1725192950}
,{  "orderId": 66263,  "type": "bid",  "orderType": "stop",  "size": 15,  "price": 1253767385,  "timestamp": 1729366370}
,{  "orderId": 727,  "type": "ask",  "orderType": "limit",  "size": 233,  "price": 71301151,  "timestamp": 1725192970}
,{  "orderId": 66266,  "type": "ask",  "orderType": "market",  "size": 485,  "price": 1253822960,  "timestamp": 1729366481}
,{  "orderId": 66268,  "type": "bid",  "orderType": "market",  "size": 163,  "price": 1253707660,  "timestamp": 1729366506}
,{  "orderId": 66271,  "type": "ask",  "orderType": "limit",  "size": 904,  "price": 1253900666,  "timestamp": 1729366692}
,{  "orderId": 66270,  "type": "ask",  "orderType": "stop",  "size": 398,  "price": 1254186690,  "timestamp": 1729366637}
,{  "orderId": 735,  "type": "ask",  "orderType": "limit",  "size": 70,  "price": 71301151,  "timestamp": 1725193438}
,{  "orderId": 737,  "type": "bid",  "orderType": "market",  "size": 74,  "price": 71402788,  "timestamp": 1725193638}
,{  "orderId": 66272,  "type": "bid",  "orderType": "market",  "size": 125,  "price": 1253707660,  "timestamp": 1729366709}
,{  "orderId": 66275,  "type": "ask",  "orderType": "limit",  "size": 178,  "price": 1253900666,  "timestamp": 1729367020}
,{  "orderId": 66274,  "type": "bid",  "orderType": "market",  "size": 239,  "price": 1253707660,  "timestamp": 1729366981}
,{  "orderId": 66277,  "type": "bid",  "orderType": "market",  "size": 1276,  "price": 1254114147,  "timestamp": 1729367217}
,{  "orderId": 741,  "type": "bid",  "orderType": "stop",  "size": 1386,  "price": 71402788,  "timestamp": 1725193982}
,{  "orderId": 66280,  "type": "bid",  "orderType": "market",  "size": 648,  "price": 1254148114,  "timestamp": 1729367336}
,{  "orderId": 746,  "type": "bid",  "orderType": "stop",  "size": 81,  "price": 71504848,  "timestamp": 1725194335}
,{  "orderId": 66282,  "type": "bid",  "orderType": "stop",  "size": 344,  "price": 1253707660,  "timestamp": 1729367423}
,{  "orderId": 66285,  "type": "bid",  "orderType": "market",  "size": 87,  "price": 1253707660,  "timestamp": 1729367593}
,{  "orderId": 751,  "type": "bid",  "orderType": "market",  "size": 215,  "price": 71689296,  "timestamp": 1725194586}
,{  "orderId": 66289,  "type": "ask",  "orderType": "stop",  "size": 149,  "price": 1254435675,  "timestamp": 1729367882}
,{  "orderId": 66288,  "type": "ask",  "orderType": "market",  "size": 57,  "price": 1254186690,  "timestamp": 1729367833}
,{  "orderId": 66290,  "type": "ask",  "orderType": "limit",  "size": 951,  "price": 1254186690,  "timestamp": 1729367965}
,{  "orderId": 66294,  "type": "ask",  "orderType": "market",  "size": 74,  "price": 1254186690,  "timestamp": 1729368123}
,{  "orderId": 66297,  "type": "ask",  "orderType": "limit",  "size": 298,  "price": 1254435675,  "timestamp": 1729368304}
,{  "orderId": 761,  "type": "bid",  "orderType": "market",  "size": 214,  "price": 71588330,  "timestamp": 1725195167}
,{  "orderId": 66299,  "type": "bid",  "orderType": "market",  "size": 506,  "price": 1254461852,  "timestamp": 1729368404}
,{  "orderId": 762,  "type": "ask",  "orderType": "limit",  "size": 402,  "price": 71776701,  "timestamp": 1725195267}
,{  "orderId": 764,  "type": "bid",  "orderType": "market",  "size": 291,  "price": 71876300,  "timestamp": 1725195388}
,{  "orderId": 66301,  "type": "ask",  "orderType": "limit",  "size": 233,  "price": 1254544405,  "timestamp": 1729368544}
,{  "orderId": 66302,  "type": "bid",  "orderType": "market",  "size": 397,  "price": 1254566635,  "timestamp": 1729368580}
,{  "orderId": 66305,  "type": "bid",  "orderType": "market",  "size": 139,  "price": 1254566635,  "timestamp": 1729368879}
,{  "orderId": 66310,  "type": "bid",  "orderType": "stop",  "size": 905,  "price": 1254599136,  "timestamp": 1729369102}
,{  "orderId": 775,  "type": "bid",  "orderType": "market",  "size": 67,  "price": 72035762,  "timestamp": 1725196001}
,{  "orderId": 778,  "type": "bid",  "orderType": "market",  "size": 161,  "price": 72125191,  "timestamp": 1725196263}
,{  "orderId": 780,  "type": "ask",  "orderType": "limit",  "size": 237,  "price": 72207450,  "timestamp": 1725196451}
,{  "orderId": 66316,  "type": "bid",  "orderType": "market",  "size": 74,  "price": 1254737692,  "timestamp": 1729369543}
,{  "orderId": 782,  "type": "ask",  "orderType": "market",  "size": 255,  "price": 72325881,  "timestamp": 1725196606}
,{  "orderId": 783,  "type": "ask",  "orderType": "market",  "size": 109,  "price": 72325881,  "timestamp": 1725196647}
,{  "orderId": 66318,  "type": "bid",  "orderType": "market",  "size": 1011,  "price": 1254768193,  "timestamp": 1729369637}
,{  "orderId": 66321,  "type": "bid",  "orderType": "market",  "size": 1038,  "price": 1254737692,  "timestamp": 1729369849}
,{  "orderId": 785,  "type": "ask",  "orderType": "limit",  "size": 653,  "price": 72325881,  "timestamp": 1725196765}
,{  "orderId": 788,  "type": "bid",  "orderType": "market",  "size": 983,  "price": 72236111,  "timestamp": 1725197016}
,{  "orderId": 789,  "type": "bid",  "orderType": "market",  "size": 28,  "price": 72125191,  "timestamp": 1725197079}
,{  "orderId": 790,  "type": "ask",  "orderType": "limit",  "size": 577,  "price": 72325881,  "timestamp": 1725197176}
,{  "orderId": 799,  "type": "ask",  "orderType": "stop",  "size": 652,  "price": 73764696,  "timestamp": 1725197810}
,{  "orderId": 66336,  "type": "bid",  "orderType": "market",  "size": 189,  "price": 1254950314,  "timestamp": 1729370770}
,{  "orderId": 66340,  "type": "bid",  "orderType": "market",  "size": 221,  "price": 1255016272,  "timestamp": 1729371126}
,{  "orderId": 806,  "type": "bid",  "orderType": "market",  "size": 866,  "price": 72930336,  "timestamp": 1725198063}
,{  "orderId": 808,  "type": "bid",  "orderType": "market",  "size": 602,  "price": 72957543,  "timestamp": 1725198114}
,{  "orderId": 809,  "type": "bid",  "orderType": "market",  "size": 1158,  "price": 72800825,  "timestamp": 1725198193}
,{  "orderId": 66347,  "type": "bid",  "orderType": "market",  "size": 15,  "price": 1255095196,  "timestamp": 1729371713}
,{  "orderId": 810,  "type": "bid",  "orderType": "market",  "size": 783,  "price": 72617324,  "timestamp": 1725198232}
,{  "orderId": 66349,  "type": "bid",  "orderType": "market",  "size": 698,  "price": 1255155671,  "timestamp": 1729371826}
,{  "orderId": 812,  "type": "bid",  "orderType": "market",  "size": 1130,  "price": 72617324,  "timestamp": 1725198309}
,{  "orderId": 813,  "type": "bid",  "orderType": "market",  "size": 173,  "price": 72470617,  "timestamp": 1725198398}
,{  "orderId": 814,  "type": "ask",  "orderType": "stop",  "size": 391,  "price": 73764696,  "timestamp": 1725198458}
,{  "orderId": 66350,  "type": "bid",  "orderType": "market",  "size": 495,  "price": 1255155671,  "timestamp": 1729371911}
,{  "orderId": 66353,  "type": "ask",  "orderType": "market",  "size": 103,  "price": 1255190910,  "timestamp": 1729372106}
,{  "orderId": 66352,  "type": "bid",  "orderType": "market",  "size": 545,  "price": 1255020037,  "timestamp": 1729372042}
,{  "orderId": 66357,  "type": "bid",  "orderType": "market",  "size": 37,  "price": 1255020037,  "timestamp": 1729372241}
,{  "orderId": 821,  "type": "bid",  "orderType": "market",  "size": 1133,  "price": 73271075,  "timestamp": 1725198965}
,{  "orderId": 66356,  "type": "ask",  "orderType": "stop",  "size": 525,  "price": 1255508860,  "timestamp": 1729372181}
,{  "orderId": 66359,  "type": "bid",  "orderType": "market",  "size": 25,  "price": 1255020037,  "timestamp": 1729372366}
,{  "orderId": 66358,  "type": "ask",  "orderType": "market",  "size": 49,  "price": 1255190910,  "timestamp": 1729372354}
,{  "orderId": 824,  "type": "bid",  "orderType": "market",  "size": 89,  "price": 73271075,  "timestamp": 1725199123}
,{  "orderId": 66361,  "type": "ask",  "orderType": "limit",  "size": 544,  "price": 1255190910,  "timestamp": 1729372379}
,{  "orderId": 825,  "type": "bid",  "orderType": "market",  "size": 431,  "price": 73271075,  "timestamp": 1725199210}
,{  "orderId": 66362,  "type": "bid",  "orderType": "market",  "size": 973,  "price": 1255334678,  "timestamp": 1729372384}
,{  "orderId": 829,  "type": "bid",  "orderType": "market",  "size": 1468,  "price": 73378785,  "timestamp": 1725199412}
,{  "orderId": 831,  "type": "bid",  "orderType": "market",  "size": 209,  "price": 73378785,  "timestamp": 1725199499}
,{  "orderId": 66369,  "type": "bid",  "orderType": "market",  "size": 489,  "price": 1255402376,  "timestamp": 1729372692}
,{  "orderId": 839,  "type": "bid",  "orderType": "market",  "size": 297,  "price": 73159008,  "timestamp": 1725200005}
,{  "orderId": 66374,  "type": "bid",  "orderType": "market",  "size": 145,  "price": 1255448570,  "timestamp": 1729373094}
,{  "orderId": 66379,  "type": "ask",  "orderType": "limit",  "size": 444,  "price": 1255508860,  "timestamp": 1729373220}
,{  "orderId": 66381,  "type": "ask",  "orderType": "limit",  "size": 979,  "price": 1255575262,  "timestamp": 1729373449}
,{  "orderId": 844,  "type": "bid",  "orderType": "market",  "size": 979,  "price": 73552298,  "timestamp": 1725200234}
,{  "orderId": 66380,  "type": "ask",  "orderType": "market",  "size": 131,  "price": 1255508860,  "timestamp": 1729373337}
,{  "orderId": 66384,  "type": "ask",  "orderType": "stop",  "size": 996,  "price": 1255868079,  "timestamp": 1729373682}
,{  "orderId": 849,  "type": "bid",  "orderType": "market",  "size": 765,  "price": 73682130,  "timestamp": 1725200460}
,{  "orderId": 850,  "type": "bid",  "orderType": "market",  "size": 119,  "price": 73682130,  "timestamp": 1725200527}
,{  "orderId": 851,  "type": "bid",  "orderType": "market",  "size": 144,  "price": 73466410,  "timestamp": 1725200608}
,{  "orderId": 66391,  "type": "bid",  "orderType": "stop",  "size": 621,  "price": 1255793396,  "timestamp": 1729374217}
,{  "orderId": 66393,  "type": "ask",  "orderType": "limit",  "size": 297,  "price": 1255868079,  "timestamp": 1729374424}
,{  "orderId": 66392,  "type": "ask",  "orderType": "market",  "size": 633,  "price": 1255868079,  "timestamp": 1729374312}
,{  "orderId": 66399,  "type": "ask",  "orderType": "limit",  "size": 817,  "price": 1255992075,  "timestamp": 1729374799}
,{  "orderId": 66398,  "type": "bid",  "orderType": "market",  "size": 44,  "price": 1255709919,  "timestamp": 1729374789}
,{  "orderId": 867,  "type": "ask",  "orderType": "limit",  "size": 277,  "price": 73816054,  "timestamp": 1725201433}
,{  "orderId": 66405,  "type": "bid",  "orderType": "market",  "size": 1138,  "price": 1256044595,  "timestamp": 1729375329}
,{  "orderId": 66404,  "type": "ask",  "orderType": "limit",  "size": 405,  "price": 1255992075,  "timestamp": 1729375235}
,{  "orderId": 874,  "type": "ask",  "orderType": "market",  "size": 124,  "price": 73816054,  "timestamp": 1725201933}
,{  "orderId": 66410,  "type": "bid",  "orderType": "stop",  "size": 129,  "price": 1256044595,  "timestamp": 1729375860}
,{  "orderId": 66412,  "type": "ask",  "orderType": "market",  "size": 290,  "price": 1256137493,  "timestamp": 1729376077}
,{  "orderId": 66415,  "type": "bid",  "orderType": "market",  "size": 46,  "price": 1256044595,  "timestamp": 1729376282}
,{  "orderId": 878,  "type": "ask",  "orderType": "market",  "size": 1176,  "price": 73816054,  "timestamp": 1725202140}
,{  "orderId": 880,  "type": "ask",  "orderType": "limit",  "size": 509,  "price": 74146231,  "timestamp": 1725202288}
,{  "orderId": 884,  "type": "bid",  "orderType": "market",  "size": 824,  "price": 74235463,  "timestamp": 1725202516}
,{  "orderId": 66423,  "type": "ask",  "orderType": "stop",  "size": 1066,  "price": 1256697478,  "timestamp": 1729376853}
,{  "orderId": 66427,  "type": "ask",  "orderType": "limit",  "size": 100,  "price": 1256137493,  "timestamp": 1729377072}
,{  "orderId": 891,  "type": "bid",  "orderType": "market",  "size": 686,  "price": 74237178,  "timestamp": 1725202898}
,{  "orderId": 66429,  "type": "bid",  "orderType": "market",  "size": 950,  "price": 1256463697,  "timestamp": 1729377142}
,{  "orderId": 893,  "type": "bid",  "orderType": "market",  "size": 78,  "price": 74237178,  "timestamp": 1725203033}
,{  "orderId": 66430,  "type": "bid",  "orderType": "market",  "size": 980,  "price": 1256417276,  "timestamp": 1729377202}
,{  "orderId": 66432,  "type": "bid",  "orderType": "stop",  "size": 1591,  "price": 1256549558,  "timestamp": 1729377463}
,{  "orderId": 897,  "type": "ask",  "orderType": "market",  "size": 65,  "price": 74331216,  "timestamp": 1725203280}
,{  "orderId": 901,  "type": "ask",  "orderType": "market",  "size": 62,  "price": 74331216,  "timestamp": 1725203448}
,{  "orderId": 66436,  "type": "bid",  "orderType": "market",  "size": 129,  "price": 1256549558,  "timestamp": 1729377657}
,{  "orderId": 66444,  "type": "bid",  "orderType": "market",  "size": 768,  "price": 1256644216,  "timestamp": 1729378185}
,{  "orderId": 66446,  "type": "ask",  "orderType": "stop",  "size": 594,  "price": 1256697478,  "timestamp": 1729378599}
,{  "orderId": 66449,  "type": "bid",  "orderType": "market",  "size": 35,  "price": 1256644216,  "timestamp": 1729378792}
,{  "orderId": 66455,  "type": "ask",  "orderType": "limit",  "size": 423,  "price": 1256843687,  "timestamp": 1729379172}
,{  "orderId": 919,  "type": "ask",  "orderType": "market",  "size": 518,  "price": 74467057,  "timestamp": 1725204534}
,{  "orderId": 921,  "type": "ask",  "orderType": "stop",  "size": 291,  "price": 74827369,  "timestamp": 1725204748}
,{  "orderId": 66461,  "type": "ask",  "orderType": "limit",  "size": 687,  "price": 1256980133,  "timestamp": 1729379497}
,{  "orderId": 66460,  "type": "ask",  "orderType": "limit",  "size": 131,  "price": 1256980133,  "timestamp": 1729379377}
,{  "orderId": 925,  "type": "bid",  "orderType": "market",  "size": 9,  "price": 74237178,  "timestamp": 1725205063}
,{  "orderId": 66465,  "type": "bid",  "orderType": "market",  "size": 17,  "price": 1256644216,  "timestamp": 1729379702}
,{  "orderId": 66469,  "type": "ask",  "orderType": "limit",  "size": 17,  "price": 1256980133,  "timestamp": 1729379884}
,{  "orderId": 933,  "type": "ask",  "orderType": "market",  "size": 227,  "price": 74755570,  "timestamp": 1725205583}
,{  "orderId": 66471,  "type": "ask",  "orderType": "limit",  "size": 294,  "price": 1256980133,  "timestamp": 1729380042}
,{  "orderId": 935,  "type": "ask",  "orderType": "limit",  "size": 107,  "price": 74854878,  "timestamp": 1725205732}
,{  "orderId": 936,  "type": "ask",  "orderType": "limit",  "size": 513,  "price": 74935980,  "timestamp": 1725205750}
,{  "orderId": 66474,  "type": "bid",  "orderType": "market",  "size": 250,  "price": 1257340446,  "timestamp": 1729380135}
,{  "orderId": 941,  "type": "ask",  "orderType": "limit",  "size": 902,  "price": 74935980,  "timestamp": 1725206046}
,{  "orderId": 66478,  "type": "bid",  "orderType": "market",  "size": 408,  "price": 1257501841,  "timestamp": 1729380386}
,{  "orderId": 66481,  "type": "ask",  "orderType": "stop",  "size": 221,  "price": 1257706479,  "timestamp": 1729380531}
,{  "orderId": 66483,  "type": "bid",  "orderType": "stop",  "size": 1232,  "price": 1257532412,  "timestamp": 1729380703}
,{  "orderId": 948,  "type": "ask",  "orderType": "market",  "size": 130,  "price": 75275142,  "timestamp": 1725206571}
,{  "orderId": 66484,  "type": "bid",  "orderType": "market",  "size": 704,  "price": 1257532412,  "timestamp": 1729380741}
,{  "orderId": 950,  "type": "bid",  "orderType": "market",  "size": 44,  "price": 75194925,  "timestamp": 1725206745}
,{  "orderId": 66490,  "type": "ask",  "orderType": "market",  "size": 633,  "price": 1257706479,  "timestamp": 1729381010}
,{  "orderId": 66493,  "type": "bid",  "orderType": "market",  "size": 907,  "price": 1257614065,  "timestamp": 1729381211}
,{  "orderId": 66492,  "type": "ask",  "orderType": "limit",  "size": 118,  "price": 1257706479,  "timestamp": 1729381095}
,{  "orderId": 957,  "type": "bid",  "orderType": "market",  "size": 69,  "price": 75194925,  "timestamp": 1725207204}
,{  "orderId": 66499,  "type": "ask",  "orderType": "limit",  "size": 127,  "price": 1257706479,  "timestamp": 1729381540}
,{  "orderId": 966,  "type": "ask",  "orderType": "market",  "size": 689,  "price": 75275142,  "timestamp": 1725207860}
,{  "orderId": 66502,  "type": "bid",  "orderType": "market",  "size": 41,  "price": 1257834351,  "timestamp": 1729382046}
,{  "orderId": 66505,  "type": "bid",  "orderType": "market",  "size": 157,  "price": 1257834351,  "timestamp": 1729382265}
,{  "orderId": 968,  "type": "ask",  "orderType": "stop",  "size": 341,  "price": 75838364,  "timestamp": 1725207874}
,{  "orderId": 969,  "type": "ask",  "orderType": "limit",  "size": 64,  "price": 75488049,  "timestamp": 1725207888}
,{  "orderId": 66504,  "type": "bid",  "orderType": "market",  "size": 237,  "price": 1257834351,  "timestamp": 1729382171}
,{  "orderId": 971,  "type": "bid",  "orderType": "market",  "size": 223,  "price": 75571800,  "timestamp": 1725208034}
,{  "orderId": 66508,  "type": "bid",  "orderType": "stop",  "size": 857,  "price": 1257923650,  "timestamp": 1729382481}
,{  "orderId": 975,  "type": "bid",  "orderType": "market",  "size": 891,  "price": 75601788,  "timestamp": 1725208247}
,{  "orderId": 980,  "type": "bid",  "orderType": "market",  "size": 1510,  "price": 75679009,  "timestamp": 1725208644}
,{  "orderId": 986,  "type": "bid",  "orderType": "market",  "size": 252,  "price": 75768550,  "timestamp": 1725209075}
,{  "orderId": 66522,  "type": "ask",  "orderType": "stop",  "size": 1743,  "price": 1258127162,  "timestamp": 1729383341}
,{  "orderId": 987,  "type": "ask",  "orderType": "limit",  "size": 63,  "price": 75838364,  "timestamp": 1725209120}
,{  "orderId": 66524,  "type": "bid",  "orderType": "market",  "size": 1169,  "price": 1258118635,  "timestamp": 1729383424}
,{  "orderId": 990,  "type": "ask",  "orderType": "limit",  "size": 780,  "price": 75838364,  "timestamp": 1725209180}
,{  "orderId": 66530,  "type": "bid",  "orderType": "market",  "size": 80,  "price": 1258118635,  "timestamp": 1729383836}
,{  "orderId": 996,  "type": "bid",  "orderType": "market",  "size": 778,  "price": 76160851,  "timestamp": 1725209633}
,{  "orderId": 66533,  "type": "ask",  "orderType": "limit",  "size": 108,  "price": 1258127162,  "timestamp": 1729384113}
,{  "orderId": 66532,  "type": "bid",  "orderType": "market",  "size": 42,  "price": 1258118635,  "timestamp": 1729384014}
,{  "orderId": 66535,  "type": "bid",  "orderType": "market",  "size": 846,  "price": 1258203334,  "timestamp": 1729384144}
,{  "orderId": 999,  "type": "bid",  "orderType": "market",  "size": 718,  "price": 76208935,  "timestamp": 1725209923}
,{  "orderId": 1002,  "type": "bid",  "orderType": "market",  "size": 449,  "price": 76294456,  "timestamp": 1725210128}
,{  "orderId": 1003,  "type": "bid",  "orderType": "market",  "size": 213,  "price": 75601788,  "timestamp": 1725210214}
,{  "orderId": 66538,  "type": "bid",  "orderType": "market",  "size": 527,  "price": 1258286980,  "timestamp": 1729384423}
,{  "orderId": 1006,  "type": "ask",  "orderType": "limit",  "size": 768,  "price": 76361581,  "timestamp": 1725210657}
,{  "orderId": 66543,  "type": "bid",  "orderType": "market",  "size": 140,  "price": 1258286980,  "timestamp": 1729384672}
,{  "orderId": 1007,  "type": "bid",  "orderType": "market",  "size": 542,  "price": 76372924,  "timestamp": 1725210758}
,{  "orderId": 1008,  "type": "ask",  "orderType": "stop",  "size": 536,  "price": 76599449,  "timestamp": 1725210774}
,{  "orderId": 66549,  "type": "bid",  "orderType": "market",  "size": 446,  "price": 1258380806,  "timestamp": 1729384908}
,{  "orderId": 1013,  "type": "bid",  "orderType": "market",  "size": 105,  "price": 76505976,  "timestamp": 1725211145}
,{  "orderId": 1015,  "type": "ask",  "orderType": "stop",  "size": 290,  "price": 76938570,  "timestamp": 1725211297}
,{  "orderId": 66553,  "type": "bid",  "orderType": "market",  "size": 251,  "price": 1258286980,  "timestamp": 1729385059}
,{  "orderId": 1017,  "type": "bid",  "orderType": "market",  "size": 672,  "price": 76505976,  "timestamp": 1725211499}
,{  "orderId": 1021,  "type": "ask",  "orderType": "limit",  "size": 284,  "price": 76599449,  "timestamp": 1725211785}
,{  "orderId": 66559,  "type": "bid",  "orderType": "market",  "size": 298,  "price": 1258576853,  "timestamp": 1729385344}
,{  "orderId": 66558,  "type": "ask",  "orderType": "limit",  "size": 271,  "price": 1258488443,  "timestamp": 1729385295}
,{  "orderId": 1023,  "type": "ask",  "orderType": "limit",  "size": 195,  "price": 76735612,  "timestamp": 1725211871}
,{  "orderId": 1028,  "type": "bid",  "orderType": "market",  "size": 661,  "price": 76927252,  "timestamp": 1725212134}
,{  "orderId": 66565,  "type": "bid",  "orderType": "market",  "size": 330,  "price": 1258579413,  "timestamp": 1729385647}
,{  "orderId": 1029,  "type": "ask",  "orderType": "limit",  "size": 382,  "price": 76938570,  "timestamp": 1725212186}
,{  "orderId": 66567,  "type": "bid",  "orderType": "market",  "size": 185,  "price": 1258579413,  "timestamp": 1729385775}
,{  "orderId": 1031,  "type": "bid",  "orderType": "market",  "size": 28,  "price": 77027266,  "timestamp": 1725212334}
,{  "orderId": 66569,  "type": "bid",  "orderType": "market",  "size": 225,  "price": 1258579413,  "timestamp": 1729385930}
,{  "orderId": 1033,  "type": "bid",  "orderType": "market",  "size": 352,  "price": 77119875,  "timestamp": 1725212509}
,{  "orderId": 66571,  "type": "bid",  "orderType": "market",  "size": 1198,  "price": 1258678380,  "timestamp": 1729386015}
,{  "orderId": 1037,  "type": "ask",  "orderType": "market",  "size": 432,  "price": 77185604,  "timestamp": 1725212932}
,{  "orderId": 1038,  "type": "bid",  "orderType": "market",  "size": 31,  "price": 77172208,  "timestamp": 1725213040}
,{  "orderId": 1039,  "type": "bid",  "orderType": "stop",  "size": 296,  "price": 77172208,  "timestamp": 1725213093}
,{  "orderId": 1041,  "type": "bid",  "orderType": "market",  "size": 791,  "price": 77172208,  "timestamp": 1725213167}
,{  "orderId": 66583,  "type": "bid",  "orderType": "market",  "size": 335,  "price": 1258885908,  "timestamp": 1729386781}
,{  "orderId": 66582,  "type": "ask",  "orderType": "limit",  "size": 435,  "price": 1258810287,  "timestamp": 1729386480}
,{  "orderId": 1047,  "type": "bid",  "orderType": "market",  "size": 312,  "price": 77172208,  "timestamp": 1725213508}
,{  "orderId": 66584,  "type": "bid",  "orderType": "market",  "size": 14,  "price": 1258885908,  "timestamp": 1729386830}
,{  "orderId": 1050,  "type": "bid",  "orderType": "market",  "size": 194,  "price": 77172208,  "timestamp": 1725213596}
,{  "orderId": 66586,  "type": "bid",  "orderType": "market",  "size": 498,  "price": 1258766099,  "timestamp": 1729386943}
,{  "orderId": 1052,  "type": "ask",  "orderType": "limit",  "size": 122,  "price": 77185604,  "timestamp": 1725213712}
,{  "orderId": 1054,  "type": "bid",  "orderType": "market",  "size": 247,  "price": 77390273,  "timestamp": 1725213848}
,{  "orderId": 1060,  "type": "ask",  "orderType": "limit",  "size": 117,  "price": 77636407,  "timestamp": 1725214256}
,{  "orderId": 66597,  "type": "bid",  "orderType": "market",  "size": 1209,  "price": 1258984227,  "timestamp": 1729387725}
,{  "orderId": 1062,  "type": "bid",  "orderType": "market",  "size": 967,  "price": 77643232,  "timestamp": 1725214394}
,{  "orderId": 66599,  "type": "bid",  "orderType": "market",  "size": 487,  "price": 1258984227,  "timestamp": 1729387795}
,{  "orderId": 1065,  "type": "bid",  "orderType": "market",  "size": 962,  "price": 77571656,  "timestamp": 1725214537}
,{  "orderId": 66600,  "type": "ask",  "orderType": "stop",  "size": 550,  "price": 1259355106,  "timestamp": 1729387934}
,{  "orderId": 1067,  "type": "bid",  "orderType": "market",  "size": 1428,  "price": 77509073,  "timestamp": 1725214686}
,{  "orderId": 66605,  "type": "bid",  "orderType": "stop",  "size": 64,  "price": 1259186870,  "timestamp": 1729388308}
,{  "orderId": 1070,  "type": "bid",  "orderType": "market",  "size": 306,  "price": 77696964,  "timestamp": 1725214775}
